% This file was created with JabRef 2.10b2.
% Encoding: UTF-8


@unpublished{Preprint1,
	author = {Christian B{\"o}nicke},
	title = {K-theory and homotopies of 2-cocycles on ample groupoids},
	date = {2018},
	OPTsubtitle = {subtitle},
	OPTtitleaddon = {titleaddon},
	OPTlanguage = {language},
	OPThowpublished = {howpublished},
	note = {In preparation},
	OPTlocation = {location},
	OPTisbn = {isbn},
	OPTdate = {date},
	OPTmonth = {month},
	year = {2018},
	OPTaddendum = {addendum},
	OPTpubstate = {pubstate},
	OPTurl = {url},
	OPTurldate = {urldate},
}

@unpublished{Preprint2,
	author = {Christian B{\"o}nicke},
	title = {{Going-Down functors and the K\"unneth-formula for crossed products by ample groupoids}},
	date = {2018},
	OPTsubtitle = {subtitle},
	OPTtitleaddon = {titleaddon},
	OPTlanguage = {language},
	OPThowpublished = {howpublished},
	note = {In preparation},
	OPTlocation = {location},
	OPTisbn = {isbn},
	OPTdate = {date},
	OPTmonth = {month},
	year = {2018},
	OPTaddendum = {addendum},
	OPTpubstate = {pubstate},
	OPTurl = {url},
	OPTurldate = {urldate},
}


@article {MR813822,
    AUTHOR = {Seda, Anthony Karel},
     TITLE = {On the continuity of {H}aar measure on topological groupoids},
   JOURNAL = {Proc. Amer. Math. Soc.},
  FJOURNAL = {Proceedings of the American Mathematical Society},
    VOLUME = {96},
      YEAR = {1986},
    NUMBER = {1},
     PAGES = {115--120},
      ISSN = {0002-9939},
   MRCLASS = {46L99 (22D40 28C10 43A05)},
  MRNUMBER = {813822},
MRREVIEWER = {Thierry Fack},
       URL = {https://doi.org/10.2307/2045664},
}

@book {Dixmier,
    AUTHOR = {Dixmier, Jacques},
     TITLE = {{$C\sp*$}-algebras},
      NOTE = {Translated from the French by Francis Jellett,
              North-Holland Mathematical Library, Vol. 15},
 PUBLISHER = {North-Holland Publishing Co., Amsterdam-New York-Oxford},
      YEAR = {1977},
     PAGES = {xiii+492},
      ISBN = {0-7204-0762-1},
   MRCLASS = {46L05},
  MRNUMBER = {0458185},
}

@incollection {MR1798599,
    AUTHOR = {Tu, Jean-Louis},
     TITLE = {The {B}aum-{C}onnes conjecture for groupoids},
 BOOKTITLE = {{$C^*$}-algebras ({M}\"unster, 1999)},
     PAGES = {227--242},
 PUBLISHER = {Springer, Berlin},
      YEAR = {2000},
   MRCLASS = {46L80 (19K56 22A22 46L05 46L87)},
  MRNUMBER = {1798599},
MRREVIEWER = {Richard Zekri},
}

@article {MR2820377,
    AUTHOR = {Echterhoff, Siegfried and Emerson, Heath},
     TITLE = {Structure and {$K$}-theory of crossed products by proper
              actions},
   JOURNAL = {Expo. Math.},
  FJOURNAL = {Expositiones Mathematicae},
    VOLUME = {29},
      YEAR = {2011},
    NUMBER = {3},
     PAGES = {300--344},
      ISSN = {0723-0869},
   MRCLASS = {19K35 (46L55 46L80)},
  MRNUMBER = {2820377},
MRREVIEWER = {Efton Park},
       DOI = {10.1016/j.exmath.2011.05.001},
       URL = {https://doi.org/10.1016/j.exmath.2011.05.001},
}


@article {MR1395009,
    AUTHOR = {Blanchard, \'Etienne},
     TITLE = {D\'eformations de {$C^*$}-alg\`ebres de {H}opf},
   JOURNAL = {Bull. Soc. Math. France},
  FJOURNAL = {Bulletin de la Soci\'et\'e Math\'ematique de France},
    VOLUME = {124},
      YEAR = {1996},
    NUMBER = {1},
     PAGES = {141--215},
      ISSN = {0037-9484},
   MRCLASS = {46L05 (16W30 46L30 46L45 46L60 46L87 58B30 81R50)},
  MRNUMBER = {1395009},
MRREVIEWER = {Albert Jeu-Liang Sheu},
       URL = {http://www.numdam.org/item?id=BSMF_1996__124_1_141_0},
}

@incollection {MR1388299,
    AUTHOR = {Kasparov, G. G.},
     TITLE = {{$K$}-theory, group {$C^*$}-algebras, and higher signatures
              (conspectus)},
 BOOKTITLE = {Novikov conjectures, index theorems and rigidity, {V}ol.\ 1
              ({O}berwolfach, 1993)},
    SERIES = {London Math. Soc. Lecture Note Ser.},
    VOLUME = {226},
     PAGES = {101--146},
 PUBLISHER = {Cambridge Univ. Press, Cambridge},
      YEAR = {1995},
   MRCLASS = {58G12 (19K35 46L80 46L87 57R20 57R67)},
  MRNUMBER = {1388299},
MRREVIEWER = {Daniel Kucerovsky},
       DOI = {10.1017/CBO9780511662676.007},
       URL = {https://doi.org/10.1017/CBO9780511662676.007},
}

@article {MR2658985,
    AUTHOR = {Bellissard, Jean and Julien, Antoine and Savinien, Jean},
     TITLE = {Tiling groupoids and {B}ratteli diagrams},
   JOURNAL = {Ann. Henri Poincar\'e},
  FJOURNAL = {Annales Henri Poincar\'e. A Journal of Theoretical and
              Mathematical Physics},
    VOLUME = {11},
      YEAR = {2010},
    NUMBER = {1-2},
     PAGES = {69--99},
      ISSN = {1424-0637},
   MRCLASS = {37B50 (52C22)},
  MRNUMBER = {2658985},
MRREVIEWER = {David Damanik},
       DOI = {10.1007/s00023-010-0034-7},
       URL = {https://doi.org/10.1007/s00023-010-0034-7},
}

@misc{1710.10897,
Author = {Aidan Sims},
Title = {Étale groupoids and their {$C^*$}-algebras},
Year = {2017},
Note = {arXiv:1710.10897, to appear in Advanced Courses in Mathematics. CRM Barcelona.},
}

@article {MR3438328,
    AUTHOR = {Kreisel, Michael},
     TITLE = {Gabor frames for quasicrystals, {$K$}-theory, and twisted gap
              labeling},
   JOURNAL = {J. Funct. Anal.},
  FJOURNAL = {Journal of Functional Analysis},
    VOLUME = {270},
      YEAR = {2016},
    NUMBER = {3},
     PAGES = {1001--1030},
      ISSN = {0022-1236},
   MRCLASS = {42C15 (19A99)},
  MRNUMBER = {3438328},
MRREVIEWER = {Shiv Kumar Kaushik},
       URL = {https://doi.org/10.1016/j.jfa.2015.11.011},
}

@article {MR2928324,
    AUTHOR = {Brown, Jonathan Henry},
     TITLE = {Proper actions of groupoids on {$C^*$}-algebras},
   JOURNAL = {J. Operator Theory},
  FJOURNAL = {Journal of Operator Theory},
    VOLUME = {67},
      YEAR = {2012},
    NUMBER = {2},
     PAGES = {437--467},
      ISSN = {0379-4024},
   MRCLASS = {46L05 (46L08)},
  MRNUMBER = {2928324},
MRREVIEWER = {Xiao Chun Fang},
}

@book {MR1656031,
    AUTHOR = {Blackadar, Bruce},
     TITLE = {{$K$}-theory for operator algebras},
    SERIES = {Mathematical Sciences Research Institute Publications},
    VOLUME = {5},
   EDITION = {Second},
 PUBLISHER = {Cambridge University Press, Cambridge},
      YEAR = {1998},
     PAGES = {xx+300},
      ISBN = {0-521-63532-2},
   MRCLASS = {46L80 (19Kxx 58G12)},
  MRNUMBER = {1656031},
}

@article {MR2419901,
    AUTHOR = {Exel, Ruy},
     TITLE = {Inverse semigroups and combinatorial {$C^\ast$}-algebras},
   JOURNAL = {Bull. Braz. Math. Soc. (N.S.)},
  FJOURNAL = {Bulletin of the Brazilian Mathematical Society. New Series.
              Boletim da Sociedade Brasileira de Matem\'atica},
    VOLUME = {39},
      YEAR = {2008},
    NUMBER = {2},
     PAGES = {191--313},
      ISSN = {1678-7544},
   MRCLASS = {46L05 (18B40 46L55)},
  MRNUMBER = {2419901},
MRREVIEWER = {Mark Tomforde},
       URL = {https://doi.org/10.1007/s00574-008-0080-7},
}

@article {MR1900993,
    AUTHOR = {Khoshkam, Mahmood and Skandalis, Georges},
     TITLE = {Regular representation of groupoid {$C^*$}-algebras and
              applications to inverse semigroups},
   JOURNAL = {J. Reine Angew. Math.},
  FJOURNAL = {Journal f\"ur die Reine und Angewandte Mathematik. [Crelle's
              Journal]},
    VOLUME = {546},
      YEAR = {2002},
     PAGES = {47--72},
      ISSN = {0075-4102},
   MRCLASS = {46L05 (46L55)},
  MRNUMBER = {1900993},
MRREVIEWER = {N\'andor Sieben},
       DOI = {10.1515/crll.2002.045},
       URL = {https://doi.org/10.1515/crll.2002.045},
}

@book {MR2547343,
    AUTHOR = {Muhly, Paul S. and Williams, Dana P.},
     TITLE = {Renault's equivalence theorem for groupoid crossed products},
    SERIES = {New York Journal of Mathematics. NYJM Monographs},
    VOLUME = {3},
 PUBLISHER = {State University of New York, University at Albany, Albany,
              NY},
      YEAR = {2008},
     PAGES = {87},
   MRCLASS = {46L55 (22D25 46L05)},
  MRNUMBER = {2547343},
MRREVIEWER = {Claire Anantharaman-Delaroche},
}

@misc{Delaroche,
  Title                    = {{Exact Groupoids}},
  Author                   = {Claire Anantharaman-Delaroche},
  Note                   = {arXiv:1605.05117},
  Year                     = {2016},

  Owner                    = {c_boen01},
  Timestamp                = {2015.09.29}
}

@misc{Lassagne,
  Title                    = {{Moyennabilité à l'infini et exactitude d'un groupoide étale}},
  Author                   = {Ivan Lassagne},
	Note				={arXiv:1410.8173},
  Year                     = {2014},
  Owner                    = {c_boen01},
  Timestamp                = {2015.09.29}
}

@article {VanErp,
    AUTHOR = {van Erp, Erik and Williams, Dana P.},
     TITLE = {Groupoid crossed products of continuous-trace
              {$C^\ast$}-algebras},
   JOURNAL = {J. Operator Theory},
  FJOURNAL = {Journal of Operator Theory},
    VOLUME = {72},
      YEAR = {2014},
    NUMBER = {2},
     PAGES = {557--576},
      ISSN = {0379-4024},
   MRCLASS = {46L55 (46L05)},
  MRNUMBER = {3272047},
MRREVIEWER = {Hocine Guediri},
       DOI = {10.7900/jot.2013sep04.2004},
       URL = {http://dx.doi.org/10.7900/jot.2013sep04.2004},
}

@article {Exel10,
    AUTHOR = {Exel, R.},
     TITLE = {Reconstructing a totally disconnected groupoid from its ample
              semigroup},
   JOURNAL = {Proc. Amer. Math. Soc.},
  FJOURNAL = {Proceedings of the American Mathematical Society},
    VOLUME = {138},
      YEAR = {2010},
    NUMBER = {8},
     PAGES = {2991--3001},
      ISSN = {0002-9939},
   MRCLASS = {22A22 (20M18)},
  MRNUMBER = {2644910},
       DOI = {10.1090/S0002-9939-10-10346-3},
       URL = {http://dx.doi.org/10.1090/S0002-9939-10-10346-3},
}


@article {Steinberg10,
    AUTHOR = {Steinberg, Benjamin},
     TITLE = {A groupoid approach to discrete inverse semigroup algebras},
   JOURNAL = {Adv. Math.},
  FJOURNAL = {Advances in Mathematics},
    VOLUME = {223},
      YEAR = {2010},
    NUMBER = {2},
     PAGES = {689--727},
      ISSN = {0001-8708},
   MRCLASS = {20M25 (18B40 20M18 20N02)},
  MRNUMBER = {2565546},
MRREVIEWER = {Attila Nagy},
       DOI = {10.1016/j.aim.2009.09.001},
       URL = {http://dx.doi.org/10.1016/j.aim.2009.09.001},
}

@article {KumjianPask00,
    AUTHOR = {Kumjian, Alex and Pask, David},
     TITLE = {Higher rank graph {$C^\ast$}-algebras},
   JOURNAL = {New York J. Math.},
  FJOURNAL = {New York Journal of Mathematics},
    VOLUME = {6},
      YEAR = {2000},
     PAGES = {1--20},
      ISSN = {1076-9803},
   MRCLASS = {46L35 (46L45)},
  MRNUMBER = {1745529},
MRREVIEWER = {Michael Frank},
       URL = {http://nyjm.albany.edu:8000/j/2000/6_1.html},
}

@article {LeGall99,
    AUTHOR = {Le Gall, Pierre-Yves},
     TITLE = {Th\'eorie de {K}asparov \'equivariante et groupo\"\i des. {I}},
   JOURNAL = {$K$-Theory},
  FJOURNAL = {$K$-Theory. An Interdisciplinary Journal for the Development,
              Application, and Influence of $K$-Theory in the Mathematical
              Sciences},
    VOLUME = {16},
      YEAR = {1999},
    NUMBER = {4},
     PAGES = {361--390},
      ISSN = {0920-3036},
   MRCLASS = {19K35 (20L05 22A22 46L80)},
  MRNUMBER = {1686846},
MRREVIEWER = {Evgeniy V. Troitski\"A-},
       DOI = {10.1023/A:1007707525423},
       URL = {http://dx.doi.org/10.1023/A:1007707525423},
}

@article {Higson,
    AUTHOR = {Higson, N.},
     TITLE = {Bivariant {$K$}-theory and the {N}ovikov conjecture},
   JOURNAL = {Geom. Funct. Anal.},
  FJOURNAL = {Geometric and Functional Analysis},
    VOLUME = {10},
      YEAR = {2000},
    NUMBER = {3},
     PAGES = {563--581},
      ISSN = {1016-443X},
   MRCLASS = {19K35 (46L80 46L85 58J22)},
  MRNUMBER = {1779613},
MRREVIEWER = {Yuri A. Kordyukov},
       DOI = {10.1007/PL00001630},
       URL = {http://dx.doi.org/10.1007/PL00001630},
}

@article {CEO,
    AUTHOR = {Chabert, J. and Echterhoff, S. and Oyono-Oyono, H.},
     TITLE = {Going-down functors, the {K}\"unneth formula, and the
              {B}aum-{C}onnes conjecture},
   JOURNAL = {Geom. Funct. Anal.},
  FJOURNAL = {Geometric and Functional Analysis},
    VOLUME = {14},
      YEAR = {2004},
    NUMBER = {3},
     PAGES = {491--528},
      ISSN = {1016-443X},
   MRCLASS = {19K35 (46L80)},
  MRNUMBER = {2100669},
MRREVIEWER = {Paul D. Mitchener},
       DOI = {10.1007/s00039-004-0467-6},
       URL = {http://dx.doi.org/10.1007/s00039-004-0467-6},
}

@article {Tu12,
    AUTHOR = {Tu, J. L.},
     TITLE = {The coarse {B}aum-{C}onnes conjecture and groupoids. {II}},
   JOURNAL = {New York J. Math.},
  FJOURNAL = {New York Journal of Mathematics},
    VOLUME = {18},
      YEAR = {2012},
     PAGES = {1--27},
      ISSN = {1076-9803},
   MRCLASS = {46L87 (46L80 58B34)},
  MRNUMBER = {2891024},
MRREVIEWER = {Paul D. Mitchener},
       URL = {http://nyjm.albany.edu:8000/j/2012/18_1.html},
}

@article {STY02,
    AUTHOR = {Skandalis, G. and Tu, J. L. and Yu, G.},
     TITLE = {The coarse {B}aum-{C}onnes conjecture and groupoids},
   JOURNAL = {Topology},
  FJOURNAL = {Topology. An International Journal of Mathematics},
    VOLUME = {41},
      YEAR = {2002},
    NUMBER = {4},
     PAGES = {807--834},
      ISSN = {0040-9383},
   MRCLASS = {58J22 (19K56 46L80 46L85)},
  MRNUMBER = {1905840},
MRREVIEWER = {Paul D. Mitchener},
       DOI = {10.1016/S0040-9383(01)00004-0},
       URL = {http://dx.doi.org/10.1016/S0040-9383(01)00004-0},
}

@article {Tu04,
    AUTHOR = {Tu, Jean-Louis},
     TITLE = {Non-{H}ausdorff groupoids, proper actions and {$K$}-theory},
   JOURNAL = {Doc. Math.},
  FJOURNAL = {Documenta Mathematica},
    VOLUME = {9},
      YEAR = {2004},
     PAGES = {565--597},
      ISSN = {1431-0635},
   MRCLASS = {22A22 (19K56 46L05 46L80 54D35)},
  MRNUMBER = {2117427},
MRREVIEWER = {Yuri A. Kordyukov},
}

@article {Tu99,
    AUTHOR = {Tu, Jean Louis},
     TITLE = {La conjecture de {N}ovikov pour les feuilletages
              hyperboliques},
   JOURNAL = {$K$-Theory},
  FJOURNAL = {$K$-Theory. An Interdisciplinary Journal for the Development,
              Application, and Influence of $K$-Theory in the Mathematical
              Sciences},
    VOLUME = {16},
      YEAR = {1999},
    NUMBER = {2},
     PAGES = {129--184},
      ISSN = {0920-3036},
   MRCLASS = {46L87 (19K35)},
  MRNUMBER = {1671260},
MRREVIEWER = {Marta Macho Stadler},
       DOI = {10.1023/A:1007756501903},
       URL = {http://dx.doi.org/10.1023/A:1007756501903},
}

@article {Tu98,
    AUTHOR = {Tu, Jean-Louis},
     TITLE = {La conjecture de {B}aum-{C}onnes pour les feuilletages
              moyennables},
   JOURNAL = {$K$-Theory},
  FJOURNAL = {$K$-Theory. An Interdisciplinary Journal for the Development,
              Application, and Influence of $K$-Theory in the Mathematical
              Sciences},
    VOLUME = {17},
      YEAR = {1999},
    NUMBER = {3},
     PAGES = {215--264},
      ISSN = {0920-3036},
   MRCLASS = {19K35 (46L85 58J22)},
  MRNUMBER = {1703305},
MRREVIEWER = {Hiroshi Takai},
       DOI = {10.1023/A:1007744304422},
       URL = {http://dx.doi.org/10.1023/A:1007744304422},
}

@article {LeGall97,
    AUTHOR = {Le Gall, Pierre-Yves},
     TITLE = {Th\'eorie de {K}asparov \'equivariante et groupo\"\i des},
   JOURNAL = {C. R. Acad. Sci. Paris S\'er. I Math.},
  FJOURNAL = {Comptes Rendus de l'Acad\'emie des Sciences. S\'erie I.
              Math\'ematique},
    VOLUME = {324},
      YEAR = {1997},
    NUMBER = {6},
     PAGES = {695--698},
      ISSN = {0764-4442},
   MRCLASS = {46L80 (19K35)},
  MRNUMBER = {1447045},
       DOI = {10.1016/S0764-4442(97)86992-3},
       URL = {http://dx.doi.org/10.1016/S0764-4442(97)86992-3},
}

@PhdThesis{LeGall,
  Title                    = {{Théorie de Kasparov équivariante et groupoides}},
  Author                   = {Le Gall, Pierre-Yves},
  School                   = {Université Paris VII},
  Year                     = {1994}
}

@PhdThesis{Goehle,
  Title                    = {{Groupoid Crossed Products}},
  Author                   = {Geoff Goehle},
  School                   = {Dartmouth College},
  Year                     = {2009},

  Owner                    = {c_boen01},
  Timestamp                = {2015.06.02}
}

@article {MR2117427,
    AUTHOR = {Tu, Jean-Louis},
     TITLE = {Non-{H}ausdorff groupoids, proper actions and {$K$}-theory},
   JOURNAL = {Doc. Math.},
  FJOURNAL = {Documenta Mathematica},
    VOLUME = {9},
      YEAR = {2004},
     PAGES = {565--597},
      ISSN = {1431-0635},
   MRCLASS = {22A22 (19K56 46L05 46L80 54D35)},
  MRNUMBER = {2117427},
MRREVIEWER = {Yuri A. Kordyukov},
}

@book {Morita,
    AUTHOR = {Raeburn, Iain and Williams, Dana P.},
     TITLE = {Morita equivalence and continuous-trace {$C^*$}-algebras},
    SERIES = {Mathematical Surveys and Monographs},
    VOLUME = {60},
 PUBLISHER = {American Mathematical Society, Providence, RI},
      YEAR = {1998},
     PAGES = {xiv+327},
      ISBN = {0-8218-0860-5},
   MRCLASS = {46L05 (22D99 46L55 46M20)},
  MRNUMBER = {1634408},
MRREVIEWER = {Robert S. Doran},
       DOI = {10.1090/surv/060},
       URL = {http://dx.doi.org/10.1090/surv/060},
}

@article {MR1911663,
    AUTHOR = {Higson, N. and Lafforgue, V. and Skandalis, G.},
     TITLE = {Counterexamples to the {B}aum-{C}onnes conjecture},
   JOURNAL = {Geom. Funct. Anal.},
  FJOURNAL = {Geometric and Functional Analysis},
    VOLUME = {12},
      YEAR = {2002},
    NUMBER = {2},
     PAGES = {330--354},
      ISSN = {1016-443X},
   MRCLASS = {19K56 (22A22 46L80 46L85 58J22)},
  MRNUMBER = {1911663},
MRREVIEWER = {Alain Valette},
       URL = {https://doi.org/10.1007/s00039-002-8249-5},
}


@article {Meyer00equivariantkasparov,
    AUTHOR = {Meyer, Ralf},
     TITLE = {Equivariant {K}asparov theory and generalized homomorphisms},
   JOURNAL = {$K$-Theory},
  FJOURNAL = {$K$-Theory. An Interdisciplinary Journal for the Development,
              Application, and Influence of $K$-Theory in the Mathematical
              Sciences},
    VOLUME = {21},
      YEAR = {2000},
    NUMBER = {3},
     PAGES = {201--228},
      ISSN = {0920-3036},
   MRCLASS = {19K35 (46L80 46M20)},
  MRNUMBER = {1803228},
MRREVIEWER = {Emmanuel C. Germain},
       DOI = {10.1023/A:1026536332122},
       URL = {http://dx.doi.org/10.1023/A:1026536332122},
}

@book {MR2433295,
    AUTHOR = {Arhangel'skii, Alexander and Tkachenko, Mikhail},
     TITLE = {Topological groups and related structures},
    SERIES = {Atlantis Studies in Mathematics},
    VOLUME = {1},
 PUBLISHER = {Atlantis Press, Paris; World Scientific Publishing Co. Pte.
              Ltd., Hackensack, NJ},
      YEAR = {2008},
     PAGES = {xiv+781},
      ISBN = {978-90-78677-06-2},
   MRCLASS = {22Axx (22-02 54H11)},
  MRNUMBER = {2433295},
MRREVIEWER = {Jorge Galindo},
       URL = {https://doi.org/10.2991/978-94-91216-35-0},
}

@book {Paterson1999,
    AUTHOR = {Paterson, Alan L. T.},
     TITLE = {Groupoids, inverse semigroups, and their operator algebras},
    SERIES = {Progress in Mathematics},
    VOLUME = {170},
 PUBLISHER = {Birkh\"auser Boston, Inc., Boston, MA},
      YEAR = {1999},
     PAGES = {xvi+274},
      ISBN = {0-8176-4051-7},
   MRCLASS = {22A22 (20M18 22-02 22D25 46L05)},
  MRNUMBER = {1724106},
MRREVIEWER = {Jean N. Renault},
       DOI = {10.1007/978-1-4612-1774-9},
       URL = {http://dx.doi.org/10.1007/978-1-4612-1774-9},
}

@book {MR2188261,
    AUTHOR = {Blackadar, B.},
     TITLE = {Operator algebras},
    SERIES = {Encyclopaedia of Mathematical Sciences},
    VOLUME = {122},
      NOTE = {Theory of $C^*$-algebras and von Neumann algebras,
              Operator Algebras and Non-commutative Geometry, III},
 PUBLISHER = {Springer-Verlag, Berlin},
      YEAR = {2006},
     PAGES = {xx+517},
      ISBN = {978-3-540-28486-4; 3-540-28486-9},
   MRCLASS = {46L05 (46L10 46L80)},
  MRNUMBER = {2188261},
MRREVIEWER = {Paul Jolissaint},
       URL = {https://doi.org/10.1007/3-540-28517-2},
}

@article {MR3383622,
    AUTHOR = {LaLonde, Scott M.},
     TITLE = {Nuclearity and exactness for groupoid crossed products},
   JOURNAL = {J. Operator Theory},
  FJOURNAL = {Journal of Operator Theory},
    VOLUME = {74},
      YEAR = {2015},
    NUMBER = {1},
     PAGES = {213--245},
      ISSN = {0379-4024},
   MRCLASS = {46L55 (37A55)},
  MRNUMBER = {3383622},
MRREVIEWER = {Masaharu Kusuda},
       URL = {https://doi.org/10.7900/jot.2014jun06.2032},
}

@article {MR3549520,
    AUTHOR = {McConnell, David},
     TITLE = {Exact {$\rm C^*$}-algebras and {$C_0(X)$}-structure},
   JOURNAL = {M\"unster J. Math.},
  FJOURNAL = {M\"unster Journal of Mathematics},
    VOLUME = {8},
      YEAR = {2015},
    NUMBER = {1},
     PAGES = {23--56},
      ISSN = {1867-5778},
   MRCLASS = {46L05},
  MRNUMBER = {3549520},
MRREVIEWER = {Marius V. Ionescu},
}

@article {MR650021,
    AUTHOR = {Schochet, Claude},
     TITLE = {Topological methods for {$C^{\ast} $}-algebras. {II}.
              {G}eometric resolutions and the {K}\"unneth formula},
   JOURNAL = {Pacific J. Math.},
  FJOURNAL = {Pacific Journal of Mathematics},
    VOLUME = {98},
      YEAR = {1982},
    NUMBER = {2},
     PAGES = {443--458},
      ISSN = {0030-8730},
   MRCLASS = {46M20 (46L05 58G12)},
  MRNUMBER = {650021},
MRREVIEWER = {Vern Paulsen},
       URL = {http://projecteuclid.org/euclid.pjm/1102734267},
}

@article {MR2446021,
    AUTHOR = {Muhly, Paul S. and Williams, Dana P.},
     TITLE = {Equivalence and disintegration theorems for {F}ell bundles and
              their {$C^*$}-algebras},
   JOURNAL = {Dissertationes Math. (Rozprawy Mat.)},
  FJOURNAL = {Dissertationes Mathematicae (Rozprawy Matematyczne)},
    VOLUME = {456},
      YEAR = {2008},
     PAGES = {1--57},
      ISSN = {0012-3862},
   MRCLASS = {46L55 (46L05)},
  MRNUMBER = {2446021},
MRREVIEWER = {Fernando Abadie},
       URL = {https://doi.org/10.4064/dm456-0-1},
}



@book {Renault1980,
    AUTHOR = {Renault, Jean},
     TITLE = {A groupoid approach to {$C^{\ast} $}-algebras},
    SERIES = {Lecture Notes in Mathematics},
    VOLUME = {793},
 PUBLISHER = {Springer, Berlin},
      YEAR = {1980},
     PAGES = {ii+160},
      ISBN = {3-540-09977-8},
   MRCLASS = {46Lxx (22D25 22D40)},
  MRNUMBER = {584266},
MRREVIEWER = {A. K. Seda},
}

@book {Williams,
    AUTHOR = {Williams, Dana P.},
     TITLE = {Crossed products of {$C{^\ast}$}-algebras},
    SERIES = {Mathematical Surveys and Monographs},
    VOLUME = {134},
 PUBLISHER = {American Mathematical Society, Providence, RI},
      YEAR = {2007},
     PAGES = {xvi+528},
      ISBN = {978-0-8218-4242-3; 0-8218-4242-0},
   MRCLASS = {46-02 (22D25 46L05 46L35 46L55 46L85)},
  MRNUMBER = {2288954},
MRREVIEWER = {Jonathan M. Rosenberg},
       DOI = {10.1090/surv/134},
       URL = {http://dx.doi.org/10.1090/surv/134},
}

@article {MR3335414,
    AUTHOR = {Kumjian, Alex and Pask, David and Sims, Aidan},
     TITLE = {On twisted higher-rank graph {$C^*$}-algebras},
   JOURNAL = {Trans. Amer. Math. Soc.},
  FJOURNAL = {Transactions of the American Mathematical Society},
    VOLUME = {367},
      YEAR = {2015},
    NUMBER = {7},
     PAGES = {5177--5216},
      ISSN = {0002-9947},
   MRCLASS = {46L05 (18G60)},
  MRNUMBER = {3335414},
MRREVIEWER = {Rizky Rosjanuardi},
       URL = {https://doi.org/10.1090/S0002-9947-2015-06209-6},
}

@article {MR2069786,
    AUTHOR = {Raeburn, Iain and Sims, Aidan and Yeend, Trent},
     TITLE = {The {$C^*$}-algebras of finitely aligned higher-rank graphs},
   JOURNAL = {J. Funct. Anal.},
  FJOURNAL = {Journal of Functional Analysis},
    VOLUME = {213},
      YEAR = {2004},
    NUMBER = {1},
     PAGES = {206--240},
      ISSN = {0022-1236},
   MRCLASS = {46L05},
  MRNUMBER = {2069786},
MRREVIEWER = {Mark Tomforde},
       URL = {https://doi.org/10.1016/j.jfa.2003.10.014},
}

@article {MR2184052,
    AUTHOR = {Farthing, Cynthia and Muhly, Paul S. and Yeend, Trent},
     TITLE = {Higher-rank graph {$C^*$}-algebras: an inverse semigroup and
              groupoid approach},
   JOURNAL = {Semigroup Forum},
  FJOURNAL = {Semigroup Forum},
    VOLUME = {71},
      YEAR = {2005},
    NUMBER = {2},
     PAGES = {159--187},
      ISSN = {0037-1912},
   MRCLASS = {46L05 (20M18 37B10)},
  MRNUMBER = {2184052},
MRREVIEWER = {Jean N. Renault},
       URL = {https://doi.org/10.1007/s00233-005-0512-2},
}

@article {MR2010742,
    AUTHOR = {Chabert, J\'er\^ome and Echterhoff, Siegfried and Nest, Ryszard},
     TITLE = {The {C}onnes-{K}asparov conjecture for almost connected groups
              and for linear {$p$}-adic groups},
   JOURNAL = {Publ. Math. Inst. Hautes \'Etudes Sci.},
  FJOURNAL = {Publications Math\'ematiques. Institut de Hautes \'Etudes
              Scientifiques},
    NUMBER = {97},
      YEAR = {2003},
     PAGES = {239--278},
      ISSN = {0073-8301},
   MRCLASS = {19K35 (20D25)},
  MRNUMBER = {2010742},
MRREVIEWER = {Jean-Louis Tu},
       DOI = {10.1007/s10240-003-0014-2},
       URL = {http://dx.doi.org/10.1007/s10240-003-0014-2},
}

@article {ELN17,
    AUTHOR = {Echterhoff, Siegfried and Li, Kang and Nest, Ryszard},
     TITLE = {The orbit method for the {B}aum-{C}onnes conjecture for
              algebraic groups over local function fields},
   JOURNAL = {J. Lie Theory},
  FJOURNAL = {Journal of Lie Theory},
    VOLUME = {28},
      YEAR = {2018},
    NUMBER = {2},
     PAGES = {323--341},
      ISSN = {0949-5932},
   MRCLASS = {19K35 (20G25)},
  MRNUMBER = {3714897},
}

@book {ADR,
    AUTHOR = {Anantharaman-Delaroche, C. and Renault, J.},
     TITLE = {Amenable groupoids},
    SERIES = {Monographies de L'Enseignement Math\'ematique [Monographs of
              L'Enseignement Math\'ematique]},
    VOLUME = {36},
      NOTE = {With a foreword by Georges Skandalis and Appendix B by E.
              Germain},
 PUBLISHER = {L'Enseignement Math\'ematique, Geneva},
      YEAR = {2000},
     PAGES = {196},
      ISBN = {2-940264-01-5},
   MRCLASS = {22A22 (22D25 43A07 46L05 46L10 46L80)},
  MRNUMBER = {1799683},
MRREVIEWER = {Robert S. Doran},
}

@book {MR1303779,
    AUTHOR = {Connes, Alain},
     TITLE = {Noncommutative geometry},
 PUBLISHER = {Academic Press, Inc., San Diego, CA},
      YEAR = {1994},
     PAGES = {xiv+661},
      ISBN = {0-12-185860-X},
   MRCLASS = {46Lxx (19K56 22D25 58B30 58G12 81T13 81V22 81V70)},
  MRNUMBER = {1303779},
MRREVIEWER = {John Roe},
}

@article {MR1752299,
AUTHOR = {Chabert, J\'er\^ome},
TITLE = {Baum-{C}onnes conjecture for some semi-direct products},
JOURNAL = {J. Reine Angew. Math.},
FJOURNAL = {Journal f\"ur die Reine und Angewandte Mathematik. [Crelle's
Journal]},
VOLUME = {521},
YEAR = {2000},
PAGES = {161--184},
ISSN = {0075-4102},
MRCLASS = {19K35 (46L80)},
MRNUMBER = {1752299},
MRREVIEWER = {Yuri A. Kordyukov},
URL = {https://doi.org/10.1515/crll.2000.026},
}

@article {MR1836047,
AUTHOR = {Chabert, J\'er\^ome and Echterhoff, Siegfried},
TITLE = {Permanence properties of the {B}aum-{C}onnes conjecture},
JOURNAL = {Doc. Math.},
FJOURNAL = {Documenta Mathematica},
VOLUME = {6},
YEAR = {2001},
PAGES = {127--183},
ISSN = {1431-0635},
MRCLASS = {46L80 (19K99)},
MRNUMBER = {1836047},
MRREVIEWER = {\'Eric Leichtnam},
}

@article {MR1966758,
    AUTHOR = {Chabert, J\'er\^ome and Echterhoff, Siegfried and Oyono-Oyono,
              Herv\'e},
     TITLE = {Shapiro's lemma for topological {$K$}-theory of groups},
   JOURNAL = {Comment. Math. Helv.},
  FJOURNAL = {Commentarii Mathematici Helvetici},
    VOLUME = {78},
      YEAR = {2003},
    NUMBER = {1},
     PAGES = {203--225},
      ISSN = {0010-2571},
   MRCLASS = {19K35 (22D15 46L80 58J22)},
  MRNUMBER = {1966758},
MRREVIEWER = {Michel Matthey},
       URL = {https://doi.org/10.1007/s000140300009},
}

@article {MR2608195,
AUTHOR = {Echterhoff, Siegfried and L\"uck, Wolfgang and Phillips, N.
Christopher and Walters, Samuel},
TITLE = {The structure of crossed products of irrational rotation
algebras by finite subgroups of {${\rm SL}_2(\Bbb Z)$}},
JOURNAL = {J. Reine Angew. Math.},
FJOURNAL = {Journal f\"ur die Reine und Angewandte Mathematik. [Crelle's
Journal]},
VOLUME = {639},
YEAR = {2010},
PAGES = {173--221},
ISSN = {0075-4102},
MRCLASS = {46L35 (19K14 46L05 46L55 46L80)},
MRNUMBER = {2608195},
MRREVIEWER = {Ralf Meyer},
URL = {https://doi.org/10.1515/CRELLE.2010.015},
}

@article {MR3094498,
    AUTHOR = {Cuntz, Joachim and Echterhoff, Siegfried and Li, Xin},
     TITLE = {On the {$K$}-theory of crossed products by automorphic
              semigroup actions},
   JOURNAL = {Q. J. Math.},
  FJOURNAL = {The Quarterly Journal of Mathematics},
    VOLUME = {64},
      YEAR = {2013},
    NUMBER = {3},
     PAGES = {747--784},
      ISSN = {0033-5606},
   MRCLASS = {58B34 (19K35 46L80)},
  MRNUMBER = {3094498},
MRREVIEWER = {Vicumpriya S. Perera},
       URL = {https://doi.org/10.1093/qmath/hat021},
}

@article {MR3323201,
    AUTHOR = {Cuntz, Joachim and Echterhoff, Siegfried and Li, Xin},
     TITLE = {On the {K}-theory of the {C}*-algebra generated by the left
              regular representation of an {O}re semigroup},
   JOURNAL = {J. Eur. Math. Soc. (JEMS)},
  FJOURNAL = {Journal of the European Mathematical Society (JEMS)},
    VOLUME = {17},
      YEAR = {2015},
    NUMBER = {3},
     PAGES = {645--687},
      ISSN = {1435-9855},
   MRCLASS = {46L05 (11R04 19K35 22D25)},
  MRNUMBER = {3323201},
MRREVIEWER = {\Dbar ỗ Ngọc Diệp},
       URL = {https://doi.org/10.4171/JEMS/513},
}

@incollection {MR1292018,
    AUTHOR = {Baum, Paul and Connes, Alain and Higson, Nigel},
     TITLE = {Classifying space for proper actions and {$K$}-theory of group
              {$C^\ast$}-algebras},
 BOOKTITLE = {{$C^\ast$}-algebras: 1943--1993 ({S}an {A}ntonio, {TX}, 1993)},
    SERIES = {Contemp. Math.},
    VOLUME = {167},
     PAGES = {240--291},
 PUBLISHER = {Amer. Math. Soc., Providence, RI},
      YEAR = {1994},
   MRCLASS = {46L80 (19K56 22D25 46L85)},
  MRNUMBER = {1292018},
MRREVIEWER = {Ronghui Ji},
       URL = {https://doi.org/10.1090/conm/167/1292018},
}

@article {MR3346133,
    AUTHOR = {Gillaspy, Elizabeth},
     TITLE = {{$K$}-theory and homotopies of 2-cocycles on transformation
              groups},
   JOURNAL = {J. Operator Theory},
  FJOURNAL = {Journal of Operator Theory},
    VOLUME = {73},
      YEAR = {2015},
    NUMBER = {2},
     PAGES = {465--490},
      ISSN = {0379-4024},
   MRCLASS = {46L80 (46L55)},
  MRNUMBER = {3346133},
MRREVIEWER = {Nadia S. Larsen},
       URL = {https://doi.org/10.7900/jot.2014feb14.2033},
}

@article {MR3407179,
    AUTHOR = {Gillaspy, Elizabeth},
     TITLE = {{$K$}-theory and homotopies of 2-cocycles on higher-rank
              graphs},
   JOURNAL = {Pacific J. Math.},
  FJOURNAL = {Pacific Journal of Mathematics},
    VOLUME = {278},
      YEAR = {2015},
    NUMBER = {2},
     PAGES = {407--426},
      ISSN = {0030-8730},
   MRCLASS = {46L80 (46L05)},
  MRNUMBER = {3407179},
MRREVIEWER = {Nadia S. Larsen},
       URL = {https://doi.org/10.2140/pjm.2015.278.407},
}

@article {MR1432596,
    AUTHOR = {Kumjian, Alex and Pask, David and Raeburn, Iain and Renault,
              Jean},
     TITLE = {Graphs, groupoids, and {C}untz-{K}rieger algebras},
   JOURNAL = {J. Funct. Anal.},
  FJOURNAL = {Journal of Functional Analysis},
    VOLUME = {144},
      YEAR = {1997},
    NUMBER = {2},
     PAGES = {505--541},
      ISSN = {0022-1236},
   MRCLASS = {46L05 (46L55)},
  MRNUMBER = {1432596},
MRREVIEWER = {Masatoshi Enomoto},
       URL = {https://doi.org/10.1006/jfan.1996.3001},
}

@article {MR3563179,
    AUTHOR = {Gillaspy, Elizabeth},
     TITLE = {{$K$}-theory and homotopies of 2-cocycles on group bundles},
   JOURNAL = {Rocky Mountain J. Math.},
  FJOURNAL = {The Rocky Mountain Journal of Mathematics},
    VOLUME = {46},
      YEAR = {2016},
    NUMBER = {4},
     PAGES = {1207--1229},
      ISSN = {0035-7596},
   MRCLASS = {46L05 (46L80)},
  MRNUMBER = {3563179},
MRREVIEWER = {Jean-Louis Tu},
       URL = {https://doi.org/10.1216/RMJ-2016-46-4-1207},
}

@misc{1711.05055,
Author = {Christian B{\"o}nicke and Sayan Chakraborty and Zhuofeng He and Hung-Chang Liao},
Title = {{Isomorphism and Morita equivalence classes for crossed products of irrational rotation algebras by cyclic subgroups of $SL_2(\mathbb{Z})$}},
Year = {2017},
Note = {arXiv:1711.05055},
}

@misc{1707.03740,
Author = {Christian B{\"o}nicke and Kang Li},
Title = {{Ideal structure and pure infiniteness of ample groupoid $C^*$-algebras}},
Year = {2017},
Note = {arXiv:1707.03740},
}


@misc{1703.05190,
Author = {Scott M. LaLonde},
Title = {On some permanence properties of exact groupoids},
Year = {2017},
Note = {arXiv:1703.05190},
}

@article {MR1174207,
    AUTHOR = {Muhly, Paul S. and Williams, Dana P.},
     TITLE = {Continuous trace groupoid {$C^*$}-algebras. {II}},
   JOURNAL = {Math. Scand.},
  FJOURNAL = {Mathematica Scandinavica},
    VOLUME = {70},
      YEAR = {1992},
    NUMBER = {1},
     PAGES = {127--145},
      ISSN = {0025-5521},
   MRCLASS = {46L55 (22D25)},
  MRNUMBER = {1174207},
MRREVIEWER = {Jean N. Renault},
       URL = {https://doi.org/10.7146/math.scand.a-12390},
}