@article{BaumConnes,
    author  = "Paul Baum, Alain Connes",
    title   = "Geometric $K$-theory for Lie groups and foliations",
    year    = "2000",
    journal = "Enseign. Math.",
    volume  = "46",
    number  = "",
    pages   = "3-42"
}

@article{BaumConnesHigson,
    author  = "Paul Baum, Alain Connes, Nigel Higson",
    title   = "Classifying Space for Proper Actions and $K$-theory of group $C^*$-algebras",
    year    = "1994",
    journal = "Contemporary Mathematics",
    volume  = "197",
    number  = "",
    pages   = "241-291"
}

@article{Bellissard,
    author  = "J. Bellissard",
    title   = "Gap labelling theorems for Schrödinger operators",
    year    = "1993",
    journal = "From Number theory to Physics, Les Houches",
    volume  = "89",
    number  = "",
    pages   = "538-630"
}

@article{BorelSerre,
    author  = "A. Borel, J.P. Serre",
    title   = "Le th\'eor\`eme de Riemann-Roch",
    year    = "1958",
    journal = "Bulletin de la S.M.F",
    volume  = "86",
    number  = "",
    pages   = "97-136"
}

@article{Cuntz,
    title = "K-theory and $C^*$-algebras",
    author = "Joachim Cuntz",
    journal = "Algebraic K-theory, Number Theory, Geometry and Analysis",
    year = "1982",
    pages="55-79",
 }

@article{FinnSellFibred,
    title = "Fibred coarse embedding, a-T-menability and the coarse analogue of the Novikov conjecture",
    author = "Martin Finn-Sell",
    journal = "Journal of Functional Analysis",
	volume = "267",    
	year = "2014",
    pages="3758-3782",
 }

@article{GrothendieckNuc,
    author  = "Alexandre Grothendieck",
    title   = "Produits tensoriels d'espace topologiques et espaces nucl\'eaires",
    year    = "1951-1954",
    journal = "S\'eminaire N. Bourbaki",
    volume  = "69",
    number  = "",
    pages   = "193-200"
}

@article{GTY,
    author  = "E. Guentner, R. Tessera, G. Yu",
    title   = "A notion of geometric complexity and its application to topological rigidity",
    year    = "2012",
    journal = "Inventiones Mathematicae",
    volume  = "189",
    number  = "",
    pages   = "315-357"
}

@book{Hatcher,
    title = "Algebraic Topology",
    author = "A. Hatcher",
    publisher = "",
    year = "2001"
 }

@article{HigsonKasparov,
    author  = "Nigel Higson, Gennadi Kasparov",
    title   = "$E$-theory and $KK$-theory for groups which act properly and isometrically on Hilbert spaces",
    year    = "2001",
    journal = "Inventiones Mathematicae",
    volume  = "144",
    pages   = "23-74"
}

@article{Lafforgue,
    author  = "Vincent Lafforgue",
    title   = "Banach $KK$-theory and the Baum-Connes Conjecture",
    year    = "2002",
    journal = "Proceedings of the International Congress of Mathematicians",
    volume  = "Vol. II (Beijing, 2002)",
    number  = "Higher Ed. Press, Beijing",
    pages   = "795-812"
}

@article{LaffOY,
    author  = "Vincent Lafforgue",
    title   = "K-théorie bivariante pour les algèbres de Banach, groupoïdes et conjecture de Baum-Connes",
    year    = "2007",
    journal = "Journal de l'IMJ 6 ",
    volume  = "",
    number  = "3",
    pages   = "415-451"
}

@article{LeGall,
    author  = "Pierre-Yves Le Gall",
    title   = "Thesis",
    year    = "",
    journal = "",
    volume  = "",
    number  = "",
    pages   = ""
}

@book{Murphy,
    title = "$C^*$-algebras and operator theory",
    author = "Gerard J. Murphy",
    publisher = "Academic Press Inc.",
    year = "1990"
 }

@article{OY1,
title = "Ktheory for the maximal Roe algebra of certain expanders",
author = "H. Oyono-Oyono, G. Yu",
journal = "Journal of functionnal analysis",
volume = "257",
year = "2009",
pages = "3239--3292",
month = "10"
}

@article{OY2,
title = "On Quantitative operator K-theory",
author = "H. Oyono-Oyono, G. Yu",
journal = "Annales de l'Institut Fourier",
volume = "",
year = "",
pages = "",
month = ""
}

@article{OY3,
title = "Persitance Approximation Property and controlled K-theory",
author = "H. Oyono-Oyono, G. Yu",
journal = "",
volume = "",
year = "",
pages = "",
month = ""
}

@article{PV,
title = "Exact sequences for $K$-groups and $Ext$-groups of certain cross-products of $C^*$-algebras",
author = "M. Pimsner, D. Voiculescu",
journal = "Operator theory",
volume = "4",
year = "1980",
pages = "93-118",
month = "Summer"
}

@article{Pimsner,
    author  = "Michael V. Pimsner",
    title   = "A class of $C^*$-algebras generalizing both Cuntz-Krieger algebras and crossed products by $\mathbb Z$",
    year    = "1997",
    journal = "Fields Institute Communications",
    volume  = "12",
    number  = "",
    pages   = "189-212"
}

@book{Renault,
    title = "A groupoid approach to $C^*$-algebras",
    author = "Jean Renault",
    publisher = "Springer-Verlag",
    year = "1980"
 }

@article{Rieffel,
    author  = "Marc Rieffel",
    title   = "$C^*$-algebras associated with Irrational Rotations",
    year    = "1981",
    journal = "Pacific Journal of Mathematics.",
    volume  = "93",
    number  = "2",
    pages   = "415-429"
}

@book{RoeCoarse,
    title = "Lectures on Coarse Geometry",
    author = "John Roe",
    publisher = "University Lectures Series, American Mathematical Society",
    year = "2003",
    volume  = "31"
 }

@book{RoeIndex,
    title = "Index theory, Coarse Geometry, and Topology of Manifolds",
    author = "John Roe",
    publisher = "Regional conference series in mathematics, ISSN 0160-7642, no. 90",
    year = "1996"
 }
@article{SkTuYu,
    author  = "Skandalis,Tu,Yu",
    title   = "The Coarse Baum-Connes conjecture and groupoids",
    year    = "2002",
    journal = "Topology",
    volume  = "41",
    number  = "4",
    pages   = "807-834"
}


@article{TuThese,
    author  = "Jean-Louis Tu",
    title   = "La conjecture de Baum-Connes pour les feuilletages moyennables",
    year    = "1999",
    journal = "$K$-theory",
    volume  = "17",
    pages   = "215-264"
}

@article{TuNovikov,
    author  = "Jean-Louis Tu",
    title   = "La conjecture de Novikov pour les feuilletages hyperboliques",
    year    = "1999",
    journal = "$K$-theory",
    volume  = "16",
    number  = "2",
    pages   = "129-184"
}

@article{TuBC,
    author  = "Jean-Louis Tu",
    title   = "The Baum-Connes conjecture for groupoids",
    year    = "1999",
    journal = "$C^*$-algebras",
    volume  = "18",
    number  = "",
    pages   = "227-242"
}

@article{TuBC2,
    author  = "Jean-Louis Tu",
    title   = "The Coarse Baum-Connes conjecture and groupoids II",
    year    = "2012",
    journal = "New York J. Math.",
    volume  = "18",
    number  = "",
    pages   = "1-27"
}

@article{TuNonHaus,
    author  = "Jean-Louis Tu",
    title   = "Non-Hausdorff Groupoids, proper actions and $K$-theory",
    year    = "2004",
    journal = "Documenta Math.",
    volume  = "9",
    pages   = "565--597"
}

@book{WeggeOlsen,
    title = "K-theory and $C^*$-algebras, a friendly approach",
    author = "N.E. Wegge-Olsen",
    publisher = "Oxford University Press",
    year = "1993"
 }

@article{Yu1,
    author  = "G. Yu",
    title   = "The Novikov conjecture for groups with finite asymptotic dimension",
    year    = "1998",
    journal = "Ann. of Math. ",
    volume  = "2",
    number  = "2",
    pages   = "325-355"
}

@article{Yu2,
    author  = "G. Yu",
    title   = "The coarse Baum-Connes conjecture for spaces which admit a uniform embedding into Hilbert space",
    year    = "2000",
    journal = "Invent. Math. ",
    volume  = "139",
    number  = "1",
    pages   = "201-240"
}
