@article{BaajSk,
  title={C*-algebres de Hopf et th{\'e}orie de Kasparov {\'e}quivariante},
  author={Baaj, Saad and Skandalis, Georges},
  journal={K-theory},
  volume={2},
  number={6},
  pages={683--721},
  year={1989},
  publisher={Springer}
}

@article{BaumConnes,
  title={Geometric {K}-theory for Lie groups and foliations},
  author={Baum, Paul and Connes, Alain},
  journal={ENSEIGNEMENT MATHEMATIQUE},
  volume={46},
  number={1/2},
  pages={3--42},
  year={2000},
  publisher={SWETS \& ZEITLINGER}
}

@article{BaumConnesHigson,
  title={Classifying space for proper actions and {K}-theory of group C\^{}*-algebras},
  author={Baum, Paul and Connes, Alain and Higson, Nigel},
  journal={Contemporary Mathematics},
  volume={167},
  pages={241--291},
  year={1994},
  publisher={American Mathematical Society}
}

@book{blackadar,
  title={{K}-theory for operator algebras},
  author={Blackadar, Bruce},
  volume={5},
  year={1998},
  publisher={Cambridge University Press}
}

@article{chabertEN,
  title={The {C}onnes-{K}asparov conjecture for almost connected groups and for linear $ p $-adic groups},
  author={Chabert, J{\'e}r{\^o}me and Echterhoff, Siegfried and Nest, Ryszard},
  journal={Publications Math{\'e}matiques de l'Institut des Hautes {\'E}tudes Scientifiques},
  volume={97},
  pages={239--278},
  year={2003}
}

@article{ChabertEOY,
  title={Going-down functors, the {K}{\"u}nneth formula, and the {B}aum-{C}onnes conjecture},
  author={Chabert, J{\'e}r{\^o}me and Echterhoff, Siegfried and Oyono-Oyono, Herv{\'e}},
  journal={Geometric \& Functional Analysis GAFA},
  volume={14},
  number={3},
  pages={491--528},
  year={2004},
  publisher={Springer}
}

@article{ChenWangYu,
  title={The maximal coarse Baum--Connes conjecture for spaces which admit a fibred coarse embedding into Hilbert space},
  author={Chen, Xiaoman and Wang, Qin and Yu, Guoliang},
  journal={Advances in Mathematics},
  volume={249},
  pages={88--130},
  year={2013},
  publisher={Elsevier}
}

@book{Connes94,
  title={Noncommutative geometry},
  author={Connes, Alain},
  volume={},
  year={1994},
  publisher={Academic Press}
}

@inproceedings{connesfoliations,
  title={A survey of foliations and operator algebras},
  author={Connes, Alain},
  booktitle={Proc. Symp. Pure Math},
  volume={38},
  number={Part I},
  pages={521--628},
  year={1982}
}

@article{CuSk,
  title={Mapping cones and exact sequences in KK-theory},
  author={Cuntz, Joachim and Skandalis, Georges},
  journal={J. Operator theory},
  volume={15},
  number={1},
  pages={163--180},
  year={1986}
}

@inproceedings{ferrynovikov,
  title={Novikov conjecture, rigidity and index theorems},
  author={Ferry, S and Ranicki, AA and Rosenberg, J},
  booktitle={Proceedings of 1993 Oberwolfach Conference, London Math. Soc. Lecture Notes},
  volume={226},
  pages={227},
  year={1995}
}

@article{FimaGraphs,
  title={Graphs of quantum groups and K-amenability},
  author={Fima, Pierre and Freslon, Amaury},
  journal={Advances in Mathematics},
  volume={260},
  pages={233--280},
  year={2014},
  publisher={Elsevier}
}

@article{FinnSellFibred,
  title={Fibred coarse embeddings, aT-menability and the coarse analogue of the Novikov conjecture},
  author={Finn-Sell, Martin},
  journal={Journal of Functional Analysis},
  volume={267},
  number={10},
  pages={3758--3782},
  year={2014},
  publisher={Elsevier}
}

@article{FinnSpaces,
  title={Spaces of graphs, boundary groupoids and the coarse Baum--Connes conjecture},
  author={Finn-Sell, Martin and Wright, Nick},
  journal={Advances in Mathematics},
  volume={259},
  pages={306--338},
  year={2014},
  publisher={Elsevier}
}

@article{FinnCoarse,
  title={The coarse Baum-Connes conjecture, boundary groupoids and expander graphs},
  author={Finn-Sell, Martin and Wright, Nick},
  journal={Adv. Math. C},
  volume={259},
  pages={306--338},
  year={2014}
}

@article{GTY,
  title={A notion of geometric complexity and its application to topological rigidity},
  author={Guentner, Erik and Tessera, Romain and Yu, Guoliang},
  journal={Inventiones mathematicae},
  volume={189},
  number={2},
  pages={315--357},
  year={2012},
  publisher={Springer}
}

@article{GWY,
  title={Dynamic asymptotic dimension: relation to dynamics, topology, coarse geometry, and C\^{}*-algebras},
  author={Guentner, Erik and Willett, Rufus and Yu, Guoliang},
  journal={Mathematische Annalen},
  pages={1--45},
  year={2015},
  publisher={Springer}
}

@article{HigsonKasparov,
  title={E-theory and KK-theory for groups which act properly and isometrically on Hilbert space},
  author={Higson, Nigel and Kasparov, Gennadi},
  journal={Inventiones mathematicae},
  volume={144},
  number={1},
  pages={23--74},
  year={2001},
  publisher={Springer}
}

@article{kazhdan,
  title={Connection of the dual space of a group with the structure of its close subgroups},
  author={Kazhdan, David A},
  journal={Functional analysis and its applications},
  volume={1},
  number={1},
  pages={63--65},
  year={1967},
  publisher={Springer}
}

@article{MargulisExplicit,
  title={Explicit group-theoretical constructions of combinatorial schemes and their application to the design of expanders and concentrators},
  author={Margulis, Grigorii Aleksandrovich},
  journal={Problemy peredachi informatsii},
  volume={24},
  number={1},
  pages={51--60},
  year={1988},
  publisher={Russian Academy of Sciences, Branch of Informatics, Computer Equipment and Automatization}
}

@article{HigsonLaffSk,
  title={Counterexamples to the Baum‚ÄîConnes conjecture},
  author={Higson, Nigel and Lafforgue, Vincent and Skandalis, Georges},
  journal={Geometric and Functional Analysis},
  volume={12},
  number={2},
  pages={330--354},
  year={2002},
  publisher={Springer}
}

@article{higsonkasparov,
  title={Operator ùêæ-theory for groups which act properly and isometrically on Hilbert space},
  author={Higson, Nigel and Kasparov, Gennadi},
  journal={Electronic Research Announcements of the American Mathematical Society},
  volume={3},
  number={22},
  pages={131--142},
  year={1997}
}

@book{HigsonRoe,
  title={Analytic K-homology},
  author={Higson, Nigel and Roe, John},
  year={2000},
  publisher={OUP Oxford}
}

@article{kasparovKKNovikov,
  title={EquivariantKK-theory and the Novikov conjecture},
  author={Kasparov, Gennadi G},
  journal={Inventiones mathematicae},
  volume={91},
  number={1},
  pages={147--201},
  year={1988},
  publisher={Springer}
}

@article{LaffOY,
  title={K-th{\'e}orie bivariante pour les alg{\`e}bres de Banach, groupo{\"\i}des et conjecture de Baum--Connes. Avec un appendice d‚ÄôHerv{\'e} Oyono-Oyono},
  author={Lafforgue, Vincent},
  journal={Journal of the Institute of Mathematics of Jussieu},
  volume={6},
  number={03},
  pages={415--451},
  year={2007},
  publisher={Cambridge Univ Press}
}

@article{lafforgue2002k,
  title={K-th{\'e}orie bivariante pour les algebres de Banach et conjecture de Baum-Connes},
  author={Lafforgue, Vincent},
  journal={Inventiones Mathematicae},
  volume={149},
  number={1},
  pages={1--95},
  year={2002},
  publisher={Springer}
}

@article{lafforgue2012conjecture,
  title={La conjecture de {B}aum-{C}onnes {\` a} coefficients pour les groupes hyperboliques},
  author={Lafforgue, Vincent},
  journal={arXiv preprint arXiv:1201.4653},
  year={2012}
}

@article{lafforgueT,
  title={Une d{\'e}monstration de la conjecture de Baum-Connes pour les groupes r{\'e}ductifs sur un corps p-adique et pour certains groupes discrets poss{\'e}dant la propri{\'e}t{\'e} (T)},
  author={Lafforgue, Vincent},
  journal={Comptes Rendus de l'Acad{\'e}mie des Sciences-Series I-Mathematics},
  volume={327},
  number={5},
  pages={439--444},
  year={1998},
  publisher={Elsevier}
}

@inproceedings{Lafforgue,
  title={Banach KK-theory and the Baum-Connes conjecture},
  author={Lafforgue, Vincent},
  booktitle={European Congress of Mathematics},
  pages={31--46},
  year={2001},
  organization={Springer}
}

@phdthesis{LeGall,
  title={Th{\'e}orie de Kasparov {\'e}quivariante et groupo{\"\i}des},
  author={Le Gall, Pierre-Yves},
  year={1994}
}

@book{Lance,
  title={Hilbert C*-modules: a toolkit for operator algebraists},
  author={Lance, E Christopher},
  volume={210},
  year={1995},
  publisher={Cambridge University Press}
}

@book{May,
  title={A concise course in algebraic topology},
  author={May, J Peter},
  year={1999},
  publisher={University of Chicago press}
}

@article{MeyerNest,
  title={The Baum--Connes conjecture via localisation of categories},
  author={Meyer, Ralf and Nest, Ryszard},
  journal={Topology},
  volume={45},
  number={2},
  pages={209--259},
  year={2006},
  publisher={Elsevier}
}

@book{Murphy,
    title = "$C^*$-algebras and operator theory",
    author = "Gerard J. Murphy",
    publisher = "Academic Press Inc.",
    year = "1990"
 }

@book{NowakYu,
  title={Large scale geometry},
  author={Nowak, Piotr W and Yu, Guoliang},
  year={2012}
}

@article{OY1,
  title={K-theory for the maximal Roe algebra of certain expanders},
  author={Oyono-Oyono, Herv{\'e} and Yu, Guoliang},
  journal={Journal of Functional Analysis},
  volume={257},
  number={10},
  pages={3239--3292},
  year={2009},
  publisher={Elsevier}
}

@article{OY2,
  title={On quantitative operator K--theory},
  author={Oyono-Oyono, Herv{\'e} and Yu, Guoliang},
  journal={Ann. Inst. Fourier (Grenoble). Available at www. math. univ-metz. fr/\~{} oyono/pub. html},
  year={2011}
}

@article{OY3,
title = "Persitance Approximation Property and controlled {K}-theory",
author = "H. Oyono-Oyono, G. Yu",
journal = "",
volume = "",
year = "",
pages = "",
month = ""
}

@book{paterson,
  title={Groupoids, inverse semigroups, and their operator algebras},
  author={Paterson, Alan},
  volume={170},
  year={2012},
  publisher={Springer Science \& Business Media}
}

@book{Renault,
  title={A groupoid approach to {C}*-algebras},
  author={Renault, Jean},
  year={1980},
  publisher={Berlin; New York: Springer-Verlag}
}

@book{RoeCoarse,
  title={Lectures on coarse geometry},
  author={Roe, John},
  volume={31},
  year={2003},
  publisher={American Mathematical Soc.}
}

@book{RoeIndex,
  title={Index theory, coarse geometry, and topology of manifolds},
  author={John Roe and Conference Board of the Mathematical Sciences},
  volume={90},
  year={1996},
  publisher={American Mathematical Soc.}
}

@article{SkTuYu,
  title={The coarse {B}aum-{C}onnes conjecture and groupoids},
  author={Skandalis, Georges and Tu, Jean-Louis and Yu, Guoliang},
  journal={Topology},
  volume={41},
  number={4},
  pages={807--834},
  year={2002},
  publisher={Elsevier}
}

@article{TuThese,
  title={La conjecture de {B}aum-{C}onnes pour les feuilletages moyennables},
  author={Tu, Jean-Louis},
  journal={K-theory},
  volume={17},
  number={3},
  pages={215--264},
  year={1999},
  publisher={Springer}
}

@article{TuNovikov,
  title={La conjecture de Novikov pour les feuilletages hyperboliques},
  author={Tu, Jean Louis},
  journal={K-theory},
  volume={16},
  number={2},
  pages={129--184},
  year={1999},
  publisher={Springer}
}

@article{TuNonHaus,
  title={Non-{H}ausdorff groupoids, proper actions and {K}-theory},
  author={Tu, Jean-Louis},
  journal={Doc. Math},
  volume={9},
  pages={565--597},
  year={2004}
}

@article{TuBC,
  title={The {B}aum-{C}onnes conjecture for groupoids},
  author={Tu, Jean-Louis},
  booktitle={C*-algebras},
  pages={227--242},
  year={2000},
  publisher={Springer}
}

@article{TuBC2,
  title={The coarse {B}aum-{C}onnes conjecture and groupoids. II},
  author={Tu, Jean-Louis},
  journal={New York J. Math},
  volume={18},
  pages={1--27},
  year={2012}
}

@article{vandaele,
  title={Discrete quantum groups},
  author={Van Daele, Alfons},
  journal={Journal of Algebra},
  volume={180},
  number={2},
  pages={431--444},
  year={1996},
  publisher={Elsevier}
}

@phdthesis{vergnioux,
  title={{KK}-th{\'e}orie {\'e}quivariante et op{\'e}rateur de Julg-Valette pour les groupes quantiques},
  author={Vergnioux, Roland},
  year={2002},
  school={Universit{\'e} Paris-Diderot-Paris VII}
}

@article{VergniouxKamenability,
  title={K-amenability for amalgamated free products of amenable discrete quantum groups},
  author={Vergnioux, Roland},
  journal={Journal of Functional Analysis},
  volume={212},
  number={1},
  pages={206--221},
  year={2004},
  publisher={Elsevier}
}

@article{VerVaes,
  title={The boundary of universal discrete quantum groups, exactness, and factoriality},
  author={Vaes, Stefaan and Vergnioux, Roland and others},
  journal={Duke Mathematical Journal},
  volume={140},
  number={1},
  pages={35--84},
  year={2007},
  publisher={Duke University Press}
}

@article{WeggeOlsen,
  title={K-theory and {C}\^{}*-algebras: A friendly approach},
  author={Wegge-Olsen, NE},
  year={1993},
  publisher={Oxford University Press, USA}
}

@article{WillettYu,
  title={Geometric property (T)},
  author={Willett, Rufus and Yu, Guoliang},
  journal={Chinese Annals of Mathematics, Series B},
  volume={35},
  number={5},
  pages={761--800},
  year={2014},
  publisher={Springer}
}

@article{Wo,
  title={Compact quantum groups},
  author={Woronowicz, Stanis{\l}aw L},
  journal={Sym{\'e}tries quantiques (Les Houches, 1995)},
  volume={845},
  pages={884},
  year={1998}
}

@article{Yu2,
  title={The coarse {B}aum-{C}onnes conjecture for spaces which admit a uniform embedding into {H}ilbert space},
  author={Yu, Guoliang},
  journal={Inventiones Mathematicae},
  volume={139},
  number={1},
  pages={201--240},
  year={2000},
  publisher={Springer}
}

@article{Yu1,
  title={The {N}ovikov conjecture for groups with finite asymptotic dimension},
  author={Yu, Guoliang},
  journal={Annals of Mathematics},
  volume={147},
  number={2},
  pages={325--355},
  year={1998},
  publisher={JSTOR}
}
