@article{Bretagnolle,
    author  = "Jean Bretagnolle ",
    title   = "Notes de lecture sur l'oeuvre de Paul L\'evy",
    year    = "1987",
    journal = "Annales de l'IHP",
    volume  = "23",
    number  = "S2",
    pages   = "239-243"
}

@article{Chabert,
    author  = "Chabert ",
    title   = "Gauss et la m\'ethode des moindres carr\'es",
    year    = "1989",
    journal = "Revue d'histoire des Sciences",
    volume  = "42",
    number  = "1-2",
    pages   = "5-26"
}

@book{Eiden,
author = {Jean-Denis Eiden},
title = {G\'eometrie Analytique Classique},
year = {2009},
publisher= {Calvage et Mounet}
}

@article{Fama,
    author  = "Eugene F. Fama ",
    title   = "Efficient capital markets. A review of theory and empirical work.",
    year    = "1969",
    journal = "The Journal of Finance",
    volume  = "25",
    number  = "2",
    pages   = "383-417"
}

@article{Gauss1864,
    author  = "Gauss ",
    title   = "Th\'eorie du mouvemement des corps c\'elestes parcourant des coniques autour du soleil",
    year    = "1864",
    journal = "Traduit en francais et publi\'es par E. Dubois",
    volume  = "1",
    number  = "",
    pages   = ""
}

@article{Gauss1855,
    author  = "Gauss ",
    title   = "M\'ethodes des moindres carr\'es, m\'emoires sur la combinaisons des observations",
    year    = "1855",
    journal = "Traduit en francais et publi\'es par J. Bertrand",
    volume  = "1",
    number  = "",
    pages   = ""
}

@article{L\'evy,
    author  = "Paul L\'evy ",
    title   = "Quelques aspects de la pens\'ee d'un math\'ematicien",
    year    = "",
    journal = "",
    volume  = "",
    number  = "",
    pages   = ""
}

@article{Markowitz,
    author  = "Markowitz ",
    title   = "Portfolio selection",
    year    = "1952",
    journal = "The Journal of Finance",
    volume  = "7",
    number  = "1",
    pages   = "77-91"
}

@article{Osbourne,
    author  = "M. F. M.Osbourne ",
    title   = "Brownian Motion in the Stock Market",
    year    = "1959",
    journal = "Operations Research",
    volume  = "",
    number  = "",
    pages   = ""
}

@article{Sharpe,
    author  = "William F. Sharpe ",
    title   = "A Simplified Model for Portfolio Analysis.",
    year    = "1963",
    journal = "Management Science",
    volume  = "9",
    number  = "2",
    pages   = "277-293"
}

@book{Stigler,
author = {Stephen M. Stigler},
title = {History of Statistics, The Measurement of Uncertainty before 1900},
year = {1986},
publisher= {Harvard University Press}
}

@article{Walter,
    author  = "Christian Walter ",
    title   = "Une histoire du concept d'efficience sur les march\'es financiers",
    year    = "1996",
    journal = "Annales. Histoire, Sciences Sociales",
    volume  = "51",
    number  = "4",
    pages   = "873-905"
}