@article{BaumConnes,
    author  = "Paul Baum, Alain Connes",
    title   = "Geometric $K$-theory for Lie groups and foliations",
    year    = "2000",
    journal = "Enseign. Math.",
    volume  = "46",
    number  = "",
    pages   = "3-42"
}

@article{BaumConnesHigson,
    author  = "Paul Baum, Alain Connes, Nigel Higson",
    title   = "Classifying Space for Proper Actions and $K$-theory of group $C^*$-algebras",
    year    = "1994",
    journal = "Contemporary Mathematics",
    volume  = "197",
    number  = "",
    pages   = "241-291"
}

@article{GrothendieckNuc,
    author  = "Alexandre Grothendieck",
    title   = "Produits tensoriels d'espace topologiques et espaces nucl\'eaires",
    year    = "1951-1954",
    journal = "S\'eminaire N. Bourbaki",
    volume  = "69",
    number  = "",
    pages   = "193-200"
}

@book{Hatcher,
    title = "Algebraic Topology",
    author = "A. Hatcher",
    publisher = "",
    year = "2001"
 }

@book{Murphy,
    title = "$C^*$-algebras and operator theory",
    author = "Gerard J. Murphy",
    publisher = "Academic Press Inc.",
    year = "1990"
 }

@article{PV,
title = "Exact sequences for $K$-groups and $Ext$-groups of certain cross-products of $C^*$-algebras",
author = "M. Pimsner, D. Voiculescu",
journal = "Operator theory",
volume = "4",
year = "1980",
pages = "93-118"
month = "Summer"
}

@article{Pimsner,
    author  = "Michael V. Pimsner",
    title   = "A class of $C^*$-algebras generalizing both Cuntz-Krieger algebras and crossed products by $\mathbb Z$",
    year    = "1997",
    journal = "Fields Institute Communications",
    volume  = "12",
    number  = "",
    pages   = "189-212"
}

@book{Renault,
    title = "A groupoid approach to $C^*$-algebras",
    author = "Jean Renault",
    publisher = "Springer-Verlag",
    year = "1980"
 }

@article{Rieffel,
    author  = "Marc Rieffel",
    title   = "$C^*$-algebras associated with Irrational Rotations",
    year    = "1981",
    journal = "Pacific Journal of Mathematics.",
    volume  = "93",
    number  = "2",
    pages   = "415-429"
}

@article{SkTuYu,
    author  = "Skandalis, G, Tu, J.L. , Yu, G.",
    title   = "The Coarse Baum-Connes conjecture and groupoids",
    year    = "2002",
    journal = "Topology",
    volume  = "41",
    number  = "4",
    pages   = "807-834"
}

@book{WeggeOlsen,
    title = "K-theory and $C^*$-algebras, a friendly approach",
    author = "N.E. Wegge-Olsen",
    publisher = "Oxford University Press",
    year = "1993"
 }

@article{TuNovikov,
    author  = "Jean-Louis Tu",
    title   = "a conjceture de Novikov pour les feuilletages hyperboliques",
    year    = "1999",
    journal = "$K$-theory",
    volume  = "16",
    number  = "2",
    pages   = "129-184"
}

@article{TuBC,
    author  = "Jean-Louis Tu",
    title   = "The Baum-Connes conjecture for groupoids",
    year    = "1999",
    journal = "$C^*$-algebras",
    volume  = "18",
    number  = "",
    pages   = "227-242"
}

@article{TuBC2,
    author  = "Jean-Louis Tu",
    title   = "The Coarse Baum-Connes conjecture and groupoids II",
    year    = "2012",
    journal = "New York J. Math.",
    volume  = "18",
    number  = "",
    pages   = "1-27"
}
