@book{anantharaman2000amenable,
  title={Amenable groupoids},
  author={Anantharaman-Delaroche, Claire and Renault, Jean},
  volume={36},
  year={2000},
  publisher={L'Enseignement math{\'e}matique Geneva}
}

@misc{Ara2020,
Author = {Pere Ara and Christian Bönicke and Joan Bosa and Kang Li},
Title = {The type semigroup, comparison and almost finiteness for ample groupoids},
Year = {2020},
Eprint = {arXiv:2001.00376},
}

@article{BaajSk,
  title={C*-alg{\`e}bres de {H}opf et th{\'e}orie de {K}asparov {\'e}quivariante},
  author={Baaj, Saad and Skandalis, Georges},
  journal={K-theory},
  volume={2},
  number={6},
  pages={683--721},
  year={1989},
  publisher={Springer}
}

@article{BaumConnes,
  title={Geometric {K}-theory for {L}ie groups and foliations},
  author={Baum, Paul and Connes, Alain},
  journal={Enseignement Mathematique},
  volume={46},
  number={1/2},
  pages={3--42},
  year={2000},
  publisher={SWETS \& ZEITLINGER}
}

@article{BaumConnesHigson,
  title={Classifying space for proper actions and {K}-theory of group {C}*-algebras},
  author={Baum, Paul and Connes, Alain and Higson, Nigel},
  journal={Contemporary Mathematics},
  volume={167},
  pages={241--291},
  year={1994},
  publisher={American Mathematical Society}
}

@article{bartels2019farrell,
  title={The Farrell--Jones Conjecture for mapping class groups},
  author={Bartels, Arthur and Bestvina, Mladen},
  journal={Inventiones mathematicae},
  volume={215},
  number={2},
  pages={651--712},
  year={2019},
  publisher={Springer}
}

@article{Bellissard,
  title={K-theory of {$C^*$}—Algebras in solid state physics},
  author={Bellissard, Jean},
  journal={Statistical mechanics and field theory: mathematical aspects},
  pages={99--156},
  year={1986},
  publisher={Springer}
}

@book{blackadar,
  title={{K}-theory for operator algebras},
  author={Blackadar, Bruce},
  volume={5},
  year={1998},
  publisher={Cambridge University Press}
}

@article{blanchard,
  title={D{\'e}formations de ${C}^*$-alg{\`e}bres de {H}opf},
  author={Blanchard, {\'E}tienne},
  journal={Bulletin de la Soci{\'e}t{\'e} Math{\'e}matique de France},
  volume={124},
  number={1},
  pages={141--215},
  year={1996}
}

@Article{Block1992,
  author    = {Jonathan {Block} and Shmuel {Weinberger}},
  journal   = {{J. Am. Math. Soc.}},
  title     = {{Aperiodic tilings, positive scalar curvature, and amenability of spaces.}},
  year      = {1992},
  issn      = {0894-0347; 1088-6834/e},
  number    = {4},
  pages     = {907--918},
  volume    = {5},
  fjournal  = {{Journal of the American Mathematical Society}},
  language  = {English},
  msc2010   = {53C20 05B45 58J20},
  publisher = {American Mathematical Society (AMS), Providence, RI},
  zbl       = {0780.53031},
}

@article{chabertEN,
  title={The {C}onnes-{K}asparov conjecture for almost connected groups and for linear $ p $-adic groups},
  author={Chabert, J{\'e}r{\^o}me and Echterhoff, Siegfried and Nest, Ryszard},
  journal={Publications Math{\'e}matiques de l'Institut des Hautes {\'E}tudes Scientifiques},
  volume={97},
  pages={239--278},
  year={2003}
}

@article{ChabertEOY,
  title={Going-down functors, the {K}{\"u}nneth formula, and the {B}aum-{C}onnes conjecture},
  author={Chabert, J{\'e}r{\^o}me and Echterhoff, Siegfried and Oyono-Oyono, Herv{\'e}},
  journal={Geometric \& Functional Analysis GAFA},
  volume={14},
  number={3},
  pages={491--528},
  year={2004},
  publisher={Springer}
}

@article{ChamseddineConnes,
  title={Gravity and the standard model with neutrino mixing},
  author={Chamseddine, Ali H and Connes, Alain and Marcolli, Matilde and others},
  journal={Advances in Theoretical and Mathematical Physics},
  volume={11},
  number={6},
  pages={991--1089},
  year={2007},
  publisher={International Press of Boston}
}

@article{chamseddine2014geometry,
  title={Geometry and the quantum: basics},
  author={Chamseddine, Ali H and Connes, Alain and Mukhanov, Viatcheslav},
  journal={Journal of High Energy Physics},
  volume={2014},
  number={12},
  pages={98},
  year={2014},
  publisher={Springer}
}

@article{ChenWangYu,
  title={The maximal coarse {B}aum-{C}onnes conjecture for spaces which admit a fibred coarse embedding into {H}ilbert space},
  author={Chen, Xiaoman and Wang, Qin and Yu, Guoliang},
  journal={Advances in Mathematics},
  volume={249},
  pages={88--130},
  year={2013},
  publisher={Elsevier}
}

@article{Chung1,
   author = {{Chung}, Y.~C.},
    title = "{Dynamic asymptotic dimension and {K}-theory of {B}anach crossed product algebras}",
  journal = {ArXiv e-prints},
archivePrefix = "arXiv",
   eprint = {1611.09000},
 primaryClass = "math.KT",
 keywords = {Mathematics - K-Theory and Homology, Mathematics - Dynamical Systems, Mathematics - Operator Algebras, 19K56, 46L80, 46L85 47L10, 37B05},
     year = 2016,
    month = nov,
   adsurl = {http://adsabs.harvard.edu/abs/2016arXiv161109000C},
  adsnote = {Provided by the SAO/NASA Astrophysics Data System}
}

@article{Chung2,
   author = {{Chung}, Y.~C.},
    title = "{Quantitative {K}-theory for {B}anach algebras}",
  journal = {ArXiv e-prints},
archivePrefix = "arXiv",
   eprint = {1611.08790},
 primaryClass = "math.KT",
 keywords = {Mathematics - K-Theory and Homology, Mathematics - Operator Algebras, Primary: 19K99, 46L80.~Secondary: 46H35, 47L10},
     year = 2016,
    month = nov,
   adsurl = {http://adsabs.harvard.edu/abs/2016arXiv161108790C},
  adsnote = {Provided by the SAO/NASA Astrophysics Data System}
}

@article{connes1976classification,
  title={Classification of injective factors Cases $II_1$, $II_\infty$, $III_\lambda$, $\lambda\neq 1$},
  author={Connes, Alain},
  journal={Annals of Mathematics},
  pages={73--115},
  year={1976},
  publisher={JSTOR}
}


@book{Connes94,
  title={Noncommutative geometry},
  author={Connes, Alain},
  volume={},
  year={1994},
  publisher={Academic Press}
}

@inproceedings{connesfoliations,
  title={A survey of foliations and operator algebras},
  author={Connes, Alain},
  booktitle={Proc. Symp. Pure Math},
  volume={38},
  number={Part I},
  pages={521--628},
  year={1982}
}

@article{chamseddine1996universal,
  title={Universal formula for noncommutative geometry actions: Unification of gravity and the standard model},
  author={Chamseddine, Ali H and Connes, Alain},
  journal={Physical review letters},
  volume={77},
  number={24},
  pages={4868},
  year={1996},
  publisher={APS}
}

@Article{Crainic2000,
  author    = {Marius {Crainic} and Ieke {Moerdijk}},
  journal   = {{J. Reine Angew. Math.}},
  title     = {{A homology theory for \'etale groupoids.}},
  year      = {2000},
  issn      = {0075-4102; 1435-5345/e},
  pages     = {25--46},
  volume    = {521},
  fjournal  = {{Journal f\"ur die Reine und Angewandte Mathematik}},
  language  = {English},
  msc2010   = {22A22 57T99 18F99},
  publisher = {De Gruyter, Berlin},
  zbl       = {0954.22002},
}

@article{CuSk,
  title={Mapping cones and exact sequences in {KK}-theory},
  author={Cuntz, Joachim and Skandalis, Georges},
  journal={J. Operator theory},
  volume={15},
  number={1},
  pages={163--180},
  year={1986}
}

@article{deeley2018nuclear,
  title={Nuclear dimension and classification of {C}*-algebras associated to Smale spaces},
  author={Deeley, Robin and Strung, Karen},
  journal={Transactions of the American Mathematical Society},
  volume={370},
  number={5},
  pages={3467--3485},
  year={2018}
}


@phdthesis{DellAieraThesis,
  author       = {Cl\'ement Dell'Aiera}, 
  title        = {Controlled K-theory for groupoids and applications},
  school       = {IAEM Lorraine, Universit\'e de Lorraine},
  year         = 2017,
  address      = {},
  month        = 7,
  note         = {}
}

@article{BonickeDellAiera,
  title={Going-Down functors and the K$\backslash$" unneth formula for crossed products by$\backslash$'etale groupoids},
  author={B{\"o}nicke, Christian and Dell'Aiera, Cl{\'e}ment},
  journal={arXiv preprint arXiv:1810.04415},
  year={2018}
}


@article{DellWillett,
  title={topological property T},
  author={Cl\'ement Dell'Aiera, Rufus Willett},
  journal={arxiv preprint},
  volume={},
  number={},
  pages={},
  year={}
}

@article{dell2018controlled,
  title={Controlled K-theory for groupoids \& applications to Coarse Geometry},
  author={Dell'Aiera, Cl{\'e}ment},
  journal={Journal of Functional Analysis},
  year={2018},
  publisher={Elsevier}
}


@article{DelBo18,
  title={Going-{D}own functors and the {K}\"unneth-formula for crossed products by ample groupoids},
  author={Christian B\"onicke and Cl\'ement Dell'Aiera},
  journal={Preprint},
  volume={},
  number={},
  pages={},
  year={2018},
  publisher={}
}

@article{dranishnikov,
  title={Universal spaces for asymptotic dimension},
  author={Dranishnikov, Alexander and Zarichnyi, Michael},
  journal={Topology and its {A}pplications},
  volume={140},
  number={2-3},
  pages={203--225},
  year={2004},
  publisher={Elsevier}
}


@article{DrutuNowak,
  title={Kazhdan projections, random walks and ergodic theorems},
  author={Dru{\c{t}}u, Cornelia and Nowak, Piotr W},
  journal={arXiv preprint arXiv:1501.03473},
  year={2015}
}

@article{Ellwood,
  title={A new characterisation of principal actions},
  author={Ellwood, David Alexandre},
  journal={Journal of Functional Analysis},
  volume={173},
  number={1},
  pages={49--60},
  year={2000},
  publisher={Academic Press}
}


@inproceedings{ferrynovikov,
  title={Novikov conjecture, rigidity and index theorems},
  author={Ferry, S and Ranicki, AA and Rosenberg, J},
  booktitle={Proceedings of 1993 Oberwolfach Conference, London Math. Soc. Lecture Notes},
  volume={226},
  pages={227},
  year={1995}
}

@article{FimaGraphs,
  title={Graphs of quantum groups and {K}-amenability},
  author={Fima, Pierre and Freslon, Amaury},
  journal={Advances in Mathematics},
  volume={260},
  pages={233--280},
  year={2014},
  publisher={Elsevier}
}

@article{FinnSellFibred,
  title={Fibred coarse embeddings, a-{T}-menability and the coarse analogue of the {N}ovikov conjecture},
  author={Finn-Sell, Martin},
  journal={Journal of Functional Analysis},
  volume={267},
  number={10},
  pages={3758--3782},
  year={2014},
  publisher={Elsevier}
}

@article{FinnSpaces,
  title={Spaces of graphs, boundary groupoids and the coarse {B}aum-{C}onnes conjecture},
  author={Finn-Sell, Martin and Wright, Nick},
  journal={Advances in Mathematics},
  volume={259},
  pages={306--338},
  year={2014},
  publisher={Elsevier}
}

@article{FinnCoarse,
  title={The coarse {B}aum-{C}onnes conjecture, boundary groupoids and expander graphs},
  author={Finn-Sell, Martin and Wright, Nick},
  journal={Adv. Math. C},
  volume={259},
  pages={306--338},
  year={2014}
}

@article{GeN1,
author = {I.M. Gelfand, M.A. Naimark},
journal = {Matematiceskij sbornik},
keywords = {functional analysis},
language = {eng},
number = {2},
pages = {197-217},
publisher = {Tipogr. Lissnera i Sobko},
title = {On the embedding of normed rings into the ring of operators in Hilbert space},
url = {http://eudml.org/doc/65219},
volume = {54},
year = {1943},
}

@article{gromov1993asymptotic,
  title={Asymptotic invariants of infinite groups},
  author={Gromov, Mikhael},
  journal={Geometric group theory},
  volume={2},
  pages={1--295},
  year={1993},
  publisher={Cambridge Univ. Press}
}


@article{GTY,
  title={A notion of geometric complexity and its application to topological rigidity},
  author={Guentner, Erik and Tessera, Romain and Yu, Guoliang},
  journal={Inventiones mathematicae},
  volume={189},
  number={2},
  pages={315--357},
  year={2012},
  publisher={Springer}
}

@Article{Guentner:2014aa,
  author    = {Erik {Guentner} and Rufus {Willett} and Guoliang {Yu}},
  journal   = {{Math. Ann.}},
  title     = {{Dynamic asymptotic dimension: relation to dynamics, topology, coarse geometry, and \(C^\ast\)-algebras.}},
  year      = {2017},
  issn      = {0025-5831; 1432-1807/e},
  number    = {1-2},
  pages     = {785--829},
  volume    = {367},
  fjournal  = {{Mathematische Annalen}},
  language  = {English},
  msc2010   = {37A55 37C45 37B05 54F45 22A22 22F05 54H20 19M05},
  publisher = {Springer, Berlin/Heidelberg},
  zbl       = {1380.37018},
}

@article{GWY,
  title={Dynamic asymptotic dimension: relation to dynamics, topology, coarse geometry, and {C}*-algebras},
  author={Guentner, Erik and Willett, Rufus and Yu, Guoliang},
  journal={Mathematische Annalen},
  volume={367},
  number={1-2},
  pages={785--829},
  year={2017},
  publisher={Springer}

@article{GWY2,
  title={Dynamical complexity and controlled operator K-theory},
  author={Guentner, Erik and Willett, Rufus and Yu, Guoliang},
  journal={arXiv preprint arXiv:1609.02093},
  year={2016}
}


@book{GrothendieckResume,
  title={R{\'e}sum{\'e} de la th{\'e}orie m{\'e}trique des produits tensoriels topologiques},
  author={Grothendieck, Alexandre},
  year={1956},
  publisher={Soc. de Matem{\'a}tica de S{\~a}o Paulo}
}

@article{haag1964algebraic,
  title={An algebraic approach to quantum field theory},
  author={Haag, Rudolf and Kastler, Daniel},
  journal={Journal of Mathematical Physics},
  volume={5},
  number={7},
  pages={848--861},
  year={1964},
  publisher={AIP}
}


@article{HigsonKasparov,
  title={E-theory and {KK}-theory for groups which act properly and isometrically on {H}ilbert space},
  author={Higson, Nigel and Kasparov, Gennadi},
  journal={Inventiones mathematicae},
  volume={144},
  number={1},
  pages={23--74},
  year={2001},
  publisher={Springer}
}

@article{HigsonLaffSk,
  title={Counterexamples to the {B}aum—{C}onnes conjecture},
  author={Higson, Nigel and Lafforgue, Vincent and Skandalis, Georges},
  journal={Geometric and Functional Analysis},
  volume={12},
  number={2},
  pages={330--354},
  year={2002},
  publisher={Springer}
}

@article{higsonkasparov,
  title={Operator 𝐾-theory for groups which act properly and isometrically on {H}ilbert space},
  author={Higson, Nigel and Kasparov, Gennadi},
  journal={Electronic Research Announcements of the American Mathematical Society},
  volume={3},
  number={22},
  pages={131--142},
  year={1997}
}

@book{HigsonRoe,
  title={Analytic {K}-homology},
  author={Higson, Nigel and Roe, John},
  year={2000},
  publisher={OUP Oxford}
}

@incollection{jones1990hecke,
  title={Hecke algebra representations of braid groups and link polynomials},
  author={Jones, Vaughan FR},
  booktitle={New Developments In The Theory Of Knots},
  pages={20--73},
  year={1990},
  publisher={World Scientific}
}

@article{kalantar2014boundaries,
  title={Boundaries of reduced C*-algebras of discrete groups},
  author={Kalantar, Mehrdad and Kennedy, Matthew},
  journal={arXiv preprint arXiv:1405.4359},
  year={2014}
}


@article{kazhdan,
  title={Connection of the dual space of a group with the structure of its close subgroups},
  author={Kazhdan, David A},
  journal={Functional analysis and its applications},
  volume={1},
  number={1},
  pages={63--65},
  year={1967},
  publisher={Springer}
}

@article{Kasparov,
  title={Equivariant {KK}-theory and the {N}ovikov conjecture},
  author={Kasparov, Gennadi G},
  journal={Inventiones mathematicae},
  volume={91},
  number={1},
  pages={147--201},
  year={1988},
  publisher={Springer}
}


@article{KasparovStinespring,
  title={Hilbert {C}*-modules: theorems of {S}tinespring and {V}oiculescu},
  author={Kasparov, GG},
  journal={Journal of operator theory},
  pages={133--150},
  year={1980},
  publisher={JSTOR}
}

@inproceedings{kreckluck,
  title={The {N}ovikov conjecture},
  author={Kreck, Matthias and L{\"u}ck, Wolfgang},
  booktitle={Oberwolfach Seminar, January},
  year={2004},
  organization={Springer}
}

@incollection{matui2016topological,
  title={Topological full groups of {\'e}tale groupoids},
  author={Matui, Hiroki},
  booktitle={Operator algebras and applications},
  pages={203--230},
  year={2016},
  publisher={Springer}
}


@article{MargulisExplicit,
  title={Explicit group-theoretical constructions of combinatorial schemes and their application to the design of expanders and concentrators},
  author={Margulis, Grigorii Aleksandrovich},
  journal={Problemy peredachi informatsii},
  volume={24},
  number={1},
  pages={51--60},
  year={1988},
  publisher={Russian Academy of Sciences, Branch of Informatics, Computer Equipment and Automatization}
}

@article{MeyerNest,
  title={The {B}aum-{C}onnes conjecture via localisation of categories},
  author={Meyer, Ralf and Nest, Ryszard},
  journal={Topology},
  volume={45},
  number={2},
  pages={209--259},
  year={2006},
  publisher={Elsevier}
}

@article{kazhdan1967connection,
  title={Connection of the dual space of a group with the structure of its close subgroups},
  author={Kazhdan, David A},
  journal={Functional analysis and its applications},
  volume={1},
  number={1},
  pages={63--65},
  year={1967},
  publisher={Springer}
}


@article{kasparovKKNovikov,
  title={Equivariant {KK}-theory and the {N}ovikov conjecture},
  author={Kasparov, Gennadi G},
  journal={Inventiones mathematicae},
  volume={91},
  number={1},
  pages={147--201},
  year={1988},
  publisher={Springer}
}

@article{skandalis2002progres,
  title={Progres r{\'e}cents sur la conjecture de Baum-Connes. Contribution de Vincent Lafforgue},
  author={Skandalis, Georges},
  journal={ASTERISQUE-SOCIETE MATHEMATIQUE DE FRANCE},
  volume={276},
  pages={105--136},
  year={2002},
  publisher={CENTRE NATIONAL DE LA RECHERCHE SCIENTIFIQUE}
}


@article{LaffOY,
  title={K-th{\'e}orie bivariante pour les alg{\`e}bres de {B}anach, groupo{\"\i}des et conjecture de {B}aum--{C}onnes. {A}vec un appendice d’{H}erv{\'e} {O}yono-{O}yono},
  author={Lafforgue, Vincent},
  journal={Journal of the Institute of Mathematics of Jussieu},
  volume={6},
  number={03},
  pages={415--451},
  year={2007},
  publisher={Cambridge Univ Press}
}

@article{lafforgue2002k,
  title={K-th{\'e}orie bivariante pour les alg{\`e}bres de {B}anach et conjecture de {B}aum-{C}onnes},
  author={Lafforgue, Vincent},
  journal={Inventiones Mathematicae},
  volume={149},
  number={1},
  pages={1--95},
  year={2002},
  publisher={Springer}
}

@article{lafforgue2012conjecture,
  title={La conjecture de {B}aum-{C}onnes {\` a} coefficients pour les groupes hyperboliques},
  author={Lafforgue, Vincent},
  journal={arXiv preprint arXiv:1201.4653},
  year={2012}
}

@article{lafforgueT,
  title={Une d{\'e}monstration de la conjecture de {B}aum-{C}onnes pour les groupes r{\'e}ductifs sur un corps p-adique et pour certains groupes discrets poss{\'e}dant la propri{\'e}t{\'e} (T)},
  author={Lafforgue, Vincent},
  journal={Comptes Rendus de l'Acad{\'e}mie des Sciences-Series I-Mathematics},
  volume={327},
  number={5},
  pages={439--444},
  year={1998},
  publisher={Elsevier}
}

@inproceedings{Lafforgue,
  title={Banach {KK}-theory and the {B}aum-{C}onnes conjecture},
  author={Lafforgue, Vincent},
  booktitle={European Congress of Mathematics},
  pages={31--46},
  year={2001},
  organization={Springer}
}

@phdthesis{LeGall,
  title={Th{\'e}orie de {K}asparov {\'e}quivariante et groupo{\"\i}des},
  author={Le Gall, Pierre-Yves},
  year={1994}
}

@book{Lance,
  title={Hilbert {C}*-modules: a toolkit for operator algebraists},
  author={Lance, E Christopher},
  volume={210},
  year={1995},
  publisher={Cambridge University Press}
}

@phdthesis{lusztig,
  title={Nokikov's higher signature and families of elliptic operators.},
  author={Lusztig, George and others},
  year={1971},
  school={Princeton.}
}


@article{Lurie,
    author  = "Jacob Lurie",
    title   = "On the classification of topological field theories",
    year    = "2008",
    journal = "Current developments in mathematics",
    volume  = "Int. Press, Somerville, MA, 2009",
    number  = "",
    pages   = "pp. 129–280"
}

@Article{Matui2012,
  author    = {Hiroki {Matui}},
  journal   = {{Proc. Lond. Math. Soc. (3)}},
  title     = {{Homology and topological full groups of \'etale groupoids on totally disconnected spaces.}},
  year      = {2012},
  issn      = {0024-6115; 1460-244X/e},
  number    = {1},
  pages     = {27--56},
  volume    = {104},
  fjournal  = {{Proceedings of the London Mathematical Society. Third Series}},
  language  = {English},
  msc2010   = {19D55 37B05 22A22 46L80},
  publisher = {John Wiley \& Sons, Chichester; London Mathematical Society, London},
  zbl       = {1325.19001},
}

@Article{Matui2016,
  author    = {Hiroki {Matui}},
  journal   = {{Adv. Math.}},
  title     = {{\'Etale groupoids arising from products of shifts of finite type.}},
  year      = {2016},
  issn      = {0001-8708},
  pages     = {502--548},
  volume    = {303},
  fjournal  = {{Advances in Mathematics}},
  language  = {English},
  msc2010   = {19D55 18B40 20L05 22A22 37B10 55N15},
  publisher = {Elsevier (Academic Press), San Diego, CA},
  zbl       = {1352.19003},
}

@book{May,
  title={A concise course in algebraic topology},
  author={May, J Peter},
  year={1999},
  publisher={University of Chicago press}
}

@article{MeyerNest,
  title={The {B}aum--{C}onnes conjecture via localisation of categories},
  author={Meyer, Ralf and Nest, Ryszard},
  journal={Topology},
  volume={45},
  number={2},
  pages={209--259},
  year={2006},
  publisher={Elsevier}
}

@book{Murphy,
    title = "$C^*$-algebras and operator theory",
    author = "Gerard J. Murphy",
    publisher = "Academic Press Inc.",
    year = "1990"
 }

@article{murray1936rings,
  title={On rings of operators.},
  author={Murray, Francis J and von Neumann, John},
  journal={Ann. of Math.},
  volume={37},
  number={},
  pages={116-229},
  year={1936},
  publisher={}
}

@article{murray1937rings,
  title={On rings of operators. II},
  author={Murray, Francis J and von Neumann, John},
  journal={Transactions of the American Mathematical Society},
  volume={41},
  number={2},
  pages={208--248},
  year={1937},
  publisher={JSTOR}
}

@article{murray1943rings,
  title={On rings of operators. IV},
  author={Murray, Francis J and Von Neumann, John},
  journal={Annals of Mathematics},
  pages={716--808},
  year={1943},
  publisher={JSTOR}
}


@article{NowakOzawaF5,
  title={Aut (F5) has property (T)},
  author={Kaluba, Marek and Nowak, Piotr W and Ozawa, Narutaka},
  journal={arXiv preprint arXiv:1712.07167},
  year={2017}
}

@book{NowakYu,
  title={Large scale geometry},
  author={Nowak, Piotr W and Yu, Guoliang},
  year={2012}
}

@article{nowak2008property,
  title={What is Property A},
  author={Nowak, Piotr and Yu, Guoliang},
  journal={Notices of the AMS},
  volume={55},
  number={4},
  pages={474--475},
  year={2008}
}


@article{OY1,
  title={K-theory for the maximal {R}oe algebra of certain expanders},
  author={Oyono-Oyono, Herv{\'e} and Yu, Guoliang},
  journal={Journal of Functional Analysis},
  volume={257},
  number={10},
  pages={3239--3292},
  year={2009},
  publisher={Elsevier}
}

@article{OY2,
  title={On quantitative operator {K}--theory},
  author={Oyono-Oyono, Herv{\'e} and Yu, Guoliang},
  journal={Ann. Inst. Fourier (Grenoble). Available at www. math. univ-metz. fr/\~{} oyono/pub. html},
  year={2011}
}

@article{OY3,
title = "Persistance {A}pproximation {P}roperty and controlled {K}-theory",
author ={Oyono-Oyono, Herv{\'e} and Yu, Guoliang},
journal = "",
volume = "",
year = "",
pages = "",
month = ""
}

@article{oyono2019quantitative,
  title={Quantitative K-theory and the K{\"u}nneth formula for operator algebras},
  author={Oyono-Oyono, Herv{\'e} and Yu, Guoliang},
  journal={Journal of Functional Analysis},
  year={2019},
  publisher={Elsevier}
}

@article{OY4,
   author = {{Oyono-Oyono}, H. and {Yu}, G.},
    title = "{Quantitative K-theory and the {K}{\"u}nneth formula for operator algebras}",
  journal = {ArXiv e-prints},
archivePrefix = "arXiv",
   eprint = {1608.02725},
 primaryClass = "math.OA",
 keywords = {Mathematics - Operator Algebras},
     year = 2016,
    month = aug,
   adsurl = {http://adsabs.harvard.edu/abs/2016arXiv160802725O},
  adsnote = {Provided by the SAO/NASA Astrophysics Data System}
}

@article{OzawaT,
  title={Noncommutative real algebraic geometry of Kazhdan’s property (T)},
  author={Ozawa, Narutaka},
  journal={Journal of the Institute of Mathematics of Jussieu},
  volume={15},
  number={1},
  pages={85--90},
  year={2016},
  publisher={Cambridge University Press}
}

@Article{Farsi2019,
  author  = {Carla Farsi and Alex Kumjian and David Pask and Aidan Sims},
  journal = {{Münster J. of Math.}},
  title   = {Ample groupoids: Equivalence, homology and Matui's HK conjecture},
  year    = {2019},
  pages   = {411-451},
  volume  = {12},
  doi     = {10.17879/5314972409},
}

@Article{Ortega2020,
Author = {Eduard Ortega},
Title = {Homology of the Katsura-Exel-Pardo groupoid},
Year = {2020},
journal ={J. Noncommut. Geom.},
number   = {14},
  pages    = {1-23},
}

@Article{Proietti2020,
  author      = {Valerio Proietti and Makoto Yamashita},
  title       = {Homology and K-theory of torsion-free ample groupoids and Smale spaces},
  year        = {2020},
  abstract    = {Given an ample groupoid, we construct a spectral sequence with groupoid homology with integer coefficients on the second sheet, converging to the K-groups of the groupoid C*-algebra when the groupoid has torsion-free stabilizers and satisfies the strong Baum-Connes conjecture. The construction is based on the triangulated category approach to the Baum-Connes conjecture by Meyer and Nest. For the unstable equivalence relation of a Smale space with totally disconnected stable sets, this spectral sequence shows Putnam's homology groups on the second sheet.},
  date        = {2020-06-14},
  eprint      = {2006.08028v1},
  eprintclass = {math.KT},
  eprinttype  = {arXiv},
  file        = {:http\://arxiv.org/pdf/2006.08028v1:PDF},
  keywords    = {math.KT, math.DS, math.OA, 46L85, 19K35, 37D90},
}
@book{paterson,
  title={Groupoids, inverse semigroups, and their operator algebras},
  author={Paterson, Alan},
  volume={170},
  year={2012},
  publisher={Springer Science \& Business Media}
}

@article{PeterWeyl1927,
  title={Die Vollst{\"a}ndigkeit der primitiven Darstellungen einer geschlossenen kontinuierlichen Gruppe},
  author={Peter, Fritz and Weyl, Hermann},
  journal={Mathematische Annalen},
  volume={97},
  number={1},
  pages={737--755},
  year={1927},
  publisher={Springer}
}


@article{PisierSurvey,
  title={Grothendieck’s theorem, past and present},
  author={Pisier, Gilles},
  journal={Bulletin of the American Mathematical Society},
  volume={49},
  number={2},
  pages={237--323},
  year={2012}
}


@article{PodlesWo,
  title={Quantum deformation of {L}orentz group},
  author={Podle{\'s}, Piotr and Woronowicz, Stanis{\l}aw Lech},
  journal={Communications in mathematical physics},
  volume={130},
  number={2},
  pages={381--431},
  year={1990},
  publisher={Springer}
}

@book{Renault,
  title={A groupoid approach to {C}*-algebras},
  author={Renault, Jean},
  year={1980},
  publisher={Berlin; New York: Springer-Verlag}
}

@book{RoeCoarse,
  title={Lectures on coarse geometry},
  author={Roe, John},
  volume={31},
  year={2003},
  publisher={American Mathematical Soc.}
}

@book{RoeIndex,
  title={Index theory, coarse geometry, and topology of manifolds},
  author={John Roe and Conference Board of the Mathematical Sciences},
  volume={90},
  year={1996},
  publisher={American Mathematical Soc.}
}

@article{RTY,
  title={Finite decomposition complexity and the integral {N}ovikov conjecture for higher algebraic {K}-theory},
  author={Ramras, Daniel A and Tessera, Romain and Yu, Guoliang},
  journal={Journal f{\"u}r die reine und angewandte Mathematik (Crelles Journal)},
  volume={2014},
  number={694},
  pages={129--178},
  year={2014}
}

@article{rosenberg1987kunneth,
  title={The K{\"u}nneth theorem and the universal coefficient theorem for Kasparov’s generalized $ K $-functor},
  author={Rosenberg, Jonathan and Schochet, Claude and others},
  journal={Duke Mathematical Journal},
  volume={55},
  number={2},
  pages={431--474},
  year={1987},
  publisher={Duke University Press}
}

@Article{Scarparo2020,
  author    = {Eduardo {Scarparo}},
  journal   = {{Ergodic Theory Dyn. Syst.}},
  title     = {{Homology of odometers.}},
  year      = {2020},
  issn      = {0143-3857; 1469-4417/e},
  number    = {9},
  pages     = {2541--2551},
  volume    = {40},
  fjournal  = {{Ergodic Theory and Dynamical Systems}},
  language  = {English},
  msc2010   = {46L80 22A22},
  publisher = {Cambridge University Press, Cambridge},
}



@article{skandalis1988notion,
  title={Une notion de nucl{\'e}arit{\'e} en K-th{\'e}orie (d'apr{\`e}s J. Cuntz)},
  author={Skandalis, Georges},
  journal={K-theory},
  volume={1},
  number={6},
  pages={549--573},
  year={1988},
  publisher={Springer}
}


@article{SkandalisExtension,
  title={Exact sequences for the {K}asparov groups of graded algebras},
  author={Skandalis, Georges},
  journal={Can. J. Math},
  volume={37},
  number={2},
  pages={193--216},
  year={1985}
}

@article{SkTuYu,
  title={The coarse {B}aum-{C}onnes conjecture and groupoids},
  author={Skandalis, Georges and Tu, Jean-Louis and Yu, Guoliang},
  journal={Topology},
  volume={41},
  number={4},
  pages={807--834},
  year={2002},
  publisher={Elsevier}
}

@article{TuThese,
  title={La conjecture de {B}aum-{C}onnes pour les feuilletages moyennables},
  author={Tu, Jean-Louis},
  journal={K-theory},
  volume={17},
  number={3},
  pages={215--264},
  year={1999},
  publisher={Springer}
}

@article{TuNovikov,
  title={La conjecture de {N}ovikov pour les feuilletages hyperboliques},
  author={Tu, Jean Louis},
  journal={K-theory},
  volume={16},
  number={2},
  pages={129--184},
  year={1999},
  publisher={Springer}
}

@article{TuNonHaus,
  title={Non-{H}ausdorff groupoids, proper actions and {K}-theory},
  author={Tu, Jean-Louis},
  journal={Doc. Math},
  volume={9},
  pages={565--597},
  year={2004}
}

@article{TuBC,
  title={The {B}aum-{C}onnes conjecture for groupoids},
  author={Tu, Jean-Louis},
  booktitle={C*-algebras},
  pages={227--242},
  year={2000},
  publisher={Springer}
}

@article{TuBC2,
  title={The coarse {B}aum-{C}onnes conjecture and groupoids. II},
  author={Tu, Jean-Louis},
  journal={New York J. Math},
  volume={18},
  pages={1--27},
  year={2012}
}

@article{vaesT,
  title={Property (T) discrete quantum groups and subfactors with triangle presentations},
  author={Vaes, Stefaan and Valvekens, Matthias},
  journal={arXiv preprint arXiv:1804.04006},
  year={2018}
}

@article{vandaele,
  title={Discrete quantum groups},
  author={Van Daele, Alfons},
  journal={Journal of Algebra},
  volume={180},
  number={2},
  pages={431--444},
  year={1996},
  publisher={Elsevier}
}

@phdthesis{vergnioux,
  title={{KK}-th{\'e}orie {\'e}quivariante et op{\'e}rateur de Julg-Valette pour les groupes quantiques},
  author={Vergnioux, Roland},
  year={2002},
  school={Universit{\'e} Paris-Diderot-Paris VII}
}

@article{VergniouxKamenability,
  title={K-amenability for amalgamated free products of amenable discrete quantum groups},
  author={Vergnioux, Roland},
  journal={Journal of Functional Analysis},
  volume={212},
  number={1},
  pages={206--221},
  year={2004},
  publisher={Elsevier}
}

@article{VerVaes,
  title={The boundary of universal discrete quantum groups, exactness, and factoriality},
  author={Vaes, Stefaan and Vergnioux, Roland and others},
  journal={Duke Mathematical Journal},
  volume={140},
  number={1},
  pages={35--84},
  year={2007},
  publisher={Duke University Press}
}

@article{Voigt1,
  title={The {B}aum-{C}onnes conjecture for free orthogonal quantum groups},
  author={Voigt, Christian},
  journal={Advances in Mathematics},
  volume={227},
  number={5},
  pages={1873--1913},
  year={2011},
  publisher={Elsevier}
}

@article{Voigt2,
  title={Quantum {SU}(2) and the {B}aum-{C}onnes conjecture},
  author={Voigt, Christian},
  journal={arXiv preprint arXiv:1212.2351},
  year={2012}
}


@article{WeggeOlsen,
  title={K-theory and {C}*-algebras: A friendly approach},
  author={Wegge-Olsen, NE},
  year={1993},
  publisher={Oxford University Press, USA}
}

@article{WillettYu,
  title={Geometric property ({T})},
  author={Willett, Rufus and Yu, Guoliang},
  journal={Chinese Annals of Mathematics, Series B},
  volume={35},
  number={5},
  pages={761--800},
  year={2014},
  publisher={Springer}
}

@article{WinterClassification,
  title={Structure of nuclear C*-algebras: From quasidiagonality to classification, and back again},
  author={Winter, Wilhelm},
  journal={arXiv preprint arXiv:1712.00247},
  year={2017}
}

@article{WittenJones,
  title={Quantum field theory and the Jones polynomial},
  author={Witten, Edward},
  journal={Communications in Mathematical Physics},
  volume={121},
  number={3},
  pages={351--399},
  year={1989},
  publisher={Springer}
}

@article{Wo,
  title={Compact quantum groups},
  author={Woronowicz, Stanis{\l}aw L},
  journal={Sym{\'e}tries quantiques (Les Houches, 1995)},
  volume={845},
  pages={884},
  year={1998}
}

@Article{Yi20,
 Author = {Inhyeop {Yi}},
 Title = {{Homology and Matui's HK conjecture for groupoids on one-dimensional solenoids}},
 FJournal = {{Bulletin of the Australian Mathematical Society}},
 Journal = {{Bull. Aust. Math. Soc.}},
 ISSN = {0004-9727},
 Volume = {101},
 Number = {1},
 Pages = {105--117},
 Year = {2020},
 Publisher = {Cambridge University Press, Cambridge},
 Language = {English},
 MSC2010 = {46L05 46L80 22A22 37B10}
}

@article{Yu2,
  title={The coarse {B}aum-{C}onnes conjecture for spaces which admit a uniform embedding into {H}ilbert space},
  author={Yu, Guoliang},
  journal={Inventiones Mathematicae},
  volume={139},
  number={1},
  pages={201--240},
  year={2000},
  publisher={Springer}
}

@article{Yu1,
  title={The {N}ovikov conjecture for groups with finite asymptotic dimension},
  author={Yu, Guoliang},
  journal={Annals of Mathematics},
  volume={147},
  number={2},
  pages={325--355},
  year={1998},
  publisher={JSTOR}
}
