%% This BibTeX bibliography file was created using BibDesk.
%% http://bibdesk.sourceforge.net/


%% Created for Pedro Rufino at 2011-11-24 12:39:12 +0000 


%% Saved with string encoding Unicode (UTF-8) 


@preamble{"\def\cprime{$'$} "}
@preamble{"\def\cprime{$'$} "}


@article {STY,
    AUTHOR = {Skandalis, G. and Tu, J. and Yu, G.},
     TITLE = {The coarse {B}aum-{C}onnes conjecture and groupoids},
   JOURNAL = {Topology},
  FJOURNAL = {Topology. An International Journal of Mathematics},
    VOLUME = {41},
      YEAR = {2002},
    NUMBER = {4},
     PAGES = {807--834},
      ISSN = {0040-9383},
   MRCLASS = {58J22 (19K56 46L80 46L85)},
  MRNUMBER = {1905840},
MRREVIEWER = {Paul D. Mitchener},
       DOI = {10.1016/S0040-9383(01)00004-0},
       URL = {https://doi.org/10.1016/S0040-9383(01)00004-0},
}

@article {NP17,
    AUTHOR = {Nistor, V. and Prudhon, N.},
     TITLE = {Exhaustive families of representations and spectra of
              pseudodifferential operators},
   JOURNAL = {J. Operator Theory},
  FJOURNAL = {Journal of Operator Theory},
    VOLUME = {78},
      YEAR = {2017},
    NUMBER = {2},
     PAGES = {247--279},
      ISSN = {0379-4024},
   MRCLASS = {47A10 (35P05 35S05 46K10 58J40)},
  MRNUMBER = {3725506},
MRREVIEWER = {William Margulies},
}

@incollection {CNY18,
    AUTHOR = {Carvalho, C. and Nistor, V. and Qiao, Y.},
     TITLE = {Fredholm conditions on non-compact manifolds: theory and
              examples},
 BOOKTITLE = {Operator theory, operator algebras, and matrix theory},
    SERIES = {Oper. Theory Adv. Appl.},
    VOLUME = {267},
     PAGES = {79--122},
 PUBLISHER = {Birkh\"{a}user/Springer, Cham},
      YEAR = {2018},
   MRCLASS = {58J40 (46L60 47L80 58H05)},
  MRNUMBER = {3837632},
MRREVIEWER = {Elmar Schrohe},
}

@article {CNY17,
    AUTHOR = {Carvalho, C. and Nistor, V. and Qiao, Y.},
     TITLE = {Fredholm criteria for pseudodifferential operators and induced
              representations of groupoid algebras},
   JOURNAL = {Electron. Res. Announc. Math. Sci.},
  FJOURNAL = {Electronic Research Announcements in Mathematical Sciences},
    VOLUME = {24},
      YEAR = {2017},
     PAGES = {68--77},
      ISSN = {1935-9179},
   MRCLASS = {47L80 (46L05 58J40)},
  MRNUMBER = {3699060},
MRREVIEWER = {Elmar Schrohe},
       DOI = {10.3934/era.2017.24.008},
       URL = {https://doi.org/10.3934/era.2017.24.008},
}

@incollection {Exel14,
    AUTHOR = {Exel, R.},
     TITLE = {Invertibility in groupoid {$C^*$}-algebras},
 BOOKTITLE = {Operator theory, operator algebras and applications},
    SERIES = {Oper. Theory Adv. Appl.},
    VOLUME = {242},
     PAGES = {173--183},
 PUBLISHER = {Birkh\"{a}user/Springer, Basel},
      YEAR = {2014},
   MRCLASS = {22A22 (46L05)},
  MRNUMBER = {3243289},
MRREVIEWER = {Jean-Louis Tu},
       DOI = {10.1007/978-3-0348-0816-3_9},
       URL = {https://doi.org/10.1007/978-3-0348-0816-3_9},
}

@incollection {Roch03,
    AUTHOR = {Roch, S.},
     TITLE = {Algebras of approximation sequences: structure of fractal
              algebras},
 BOOKTITLE = {Singular integral operators, factorization and applications},
    SERIES = {Oper. Theory Adv. Appl.},
    VOLUME = {142},
     PAGES = {287--310},
 PUBLISHER = {Birkh\"{a}user, Basel},
      YEAR = {2003},
   MRCLASS = {47A58 (46L05 47A50 47N40)},
  MRNUMBER = {2167373},
MRREVIEWER = {Catalin Badea},
}

@article{vspakula2017metric,
  title={A metric approach to limit operators},
  author={{\v{S}}pakula, J{\'a}n and Willett, Rufus},
  journal={Transactions of the American Mathematical Society},
  volume={369},
  number={1},
  pages={263--308},
  year={2017}
}

@article{higson2002counterexamples,
  title={Counterexamples to the Baumâ€”Connes conjecture},
  author={Higson, Nigel and Lafforgue, Vincent and Skandalis, Georges},
  journal={Geometric and Functional Analysis},
  volume={12},
  number={2},
  pages={330--354},
  year={2002},
  publisher={Springer}
}


@article{willett2015non,
  title={A non-amenable groupoid whose maximal and reduced {C}*-algebras are the same},
  author={Willett, Rufus},
  journal={arXiv preprint arXiv:1504.05615},
  year={2015}
}


