@article{ArzhantsevaTesssera,
  title={Admitting a coarse embedding is not preserved under group extensions},
  author={Arzhantseva, Goulnara and Tessera, Romain},
  journal={International Mathematics Research Notices},
  year={2016}
}


@article{BaumConnes,
    author  = "Paul Baum, Alain Connes",
    title   = "Geometric $K$-theory for Lie groups and foliations",
    year    = "2000",
    journal = "Enseign. Math.",
    volume  = "46",
    number  = "",
    pages   = "3-42"
}

@article{BaumConnesHigson,
    author  = "Paul Baum, Alain Connes, Nigel Higson",
    title   = "Classifying Space for Proper Actions and $K$-theory of group $C^*$-algebras",
    year    = "1994",
    journal = "Contemporary Mathematics",
    volume  = "197",
    number  = "",
    pages   = "241-291"
}

@article{Bellissard,
    author  = "J. Bellissard",
    title   = "Gap labelling theorems for Schrödinger operators",
    year    = "1993",
    journal = "From Number theory to Physics, Les Houches",
    volume  = "89",
    number  = "",
    pages   = "538-630"
}

@article{BorelSerre,
    author  = "A. Borel, J.P. Serre",
    title   = "Le th\'eor\`eme de Riemann-Roch",
    year    = "1958",
    journal = "Bulletin de la S.M.F",
    volume  = "86",
    number  = "",
    pages   = "97-136"
}

@book{BrownOzawa,
  title={C*-algebras and finite-dimensional approximations},
  author={Brown, Nathanial Patrick and Ozawa, Narutaka},
  volume={88},
  year={2008},
  publisher={American Mathematical Soc.}
}


@article{CostantinoMartelli,
  title={An analytic family of representations for the mapping class group of punctured surfaces},
  author={Costantino, Francesco and Martelli, Bruno and others},
  journal={Geometry \& Topology},
  volume={18},
  number={3},
  pages={1485--1538},
  year={2014},
  publisher={Mathematical Sciences Publishers}
}


@article{Cuntz,
    title = "K-theory and $C^*$-algebras",
    author = "Joachim Cuntz",
    journal = "Algebraic K-theory, Number Theory, Geometry and Analysis",
    year = "1982",
    pages="55-79",
 }

@article{dixmier,
  title={Les C*-algebras et leur representations. Paris 1964. Sur les espaces localement quasicompacts},
  author={Dixmier, J},
  journal={Canadian J. Math. gQ},
  pages={1093--1100},
  year={1968}
}

@article{GrothendieckNuc,
    author  = "Alexandre Grothendieck",
    title   = "Produits tensoriels d'espace topologiques et espaces nucl\'eaires",
    year    = "1951-1954",
    journal = "S\'eminaire N. Bourbaki",
    volume  = "69",
    number  = "",
    pages   = "193-200"
}

@article{GTY,
    author  = "E. Guentner, R. Tessera, G. Yu",
    title   = "A notion of geometric complexity and its application to topological rigidity",
    year    = "2012",
    journal = "Inventiones Mathematicae",
    volume  = "189",
    number  = "",
    pages   = "315-357"
}

@article{GuentnerKaminkerExactness,
  title={Exactness and uniform embeddability of discrete groups},
  author={Guentner, Erik and Kaminker, Jerome},
  journal={Journal of the London Mathematical Society},
  volume={70},
  number={3},
  pages={703--718},
  year={2004},
  publisher={Cambridge University Press}
}


@book{Hatcher,
    title = "Algebraic Topology",
    author = "A. Hatcher",
    publisher = "",
    year = "2001"
 }

@article{HigsonKasparov,
    author  = "Nigel Higson, Gennadi Kasparov",
    title   = "$E$-theory and $KK$-theory for groups which act properly and isometrically on Hilbert spaces",
    year    = "2001",
    journal = "Inventiones Mathematicae",
    volume  = "144",
    pages   = "23-74"
}
@article{HLS,
  title={Counterexamples to the Baum—Connes conjecture},
  author={Higson, Nigel and Lafforgue, Vincent and Skandalis, Georges},
  journal={Geometric and Functional Analysis},
  volume={12},
  number={2},
  pages={330--354},
  year={2002},
  publisher={Springer}
}

@article{LafforgueHyperbolic,
  title={La conjecture de Baum-Connes$\backslash$a coefficients pour les groupes hyperboliques},
  author={Lafforgue, Vincent},
  journal={arXiv preprint arXiv:1201.4653},
  year={2012}
}

@article{Lafforgue,
    author  = "Vincent Lafforgue",
    title   = "Banach $KK$-theory and the Baum-Connes Conjecture",
    year    = "2002",
    journal = "Proceedings of the International Congress of Mathematicians",
    volume  = "Vol. II (Beijing, 2002)",
    number  = "Higher Ed. Press, Beijing",
    pages   = "795-812"
}

@article{LaffOY,
    author  = "Vincent Lafforgue",
    title   = "K-théorie bivariante pour les algèbres de Banach, groupoïdes et conjecture de Baum-Connes",
    year    = "2007",
    journal = "Journal de l'IMJ 6 ",
    volume  = ,
    number  = "3",
    pages   = "415-451"
}

@article{LeGall,
    author  = "Pierre-Yves Le Gall",
    title   = "Thesis",
    year    = "",
    journal = "",
    volume  = "",
    number  = "",
    pages   = ""
}

@book{Loring,
  title={Lifting solutions to perturbing problems in C*-algebras},
  author={Loring, Terry A},
  volume={8},
  year={1997},
  publisher={American Mathematical Soc.}
}
 
@article{Lurie,
    author  = "Jacob Lurie",
    title   = "On the classification of topological field theories",
    year    = "2008",
    journal = "Current developments in mathematics",
    volume  = "Int. Press, Somerville, MA, 2009",
    number  = "",
    pages   = "pp. 129–280"
}

@article{MonodSuperrigidity,
  title={Superrigidity for irreducible lattices and geometric splitting},
  author={Monod, Nicolas},
  journal={Journal of the American Mathematical Society},
  volume={19},
  number={4},
  pages={781--814},
  year={2006}
}

@book{Murphy,
    title = "$C^*$-algebras and operator theory",
    author = "Gerard J. Murphy",
    publisher = "Academic Press Inc.",
    year = "1990"
 }

@article{OY1,
title = "Ktheory for the maximal Roe algebra of certain expanders",
author = "H. Oyono-Oyono, G. Yu",
journal = "Journal of functionnal analysis",
volume = "257",
year = "2009",
pages = "3239--3292"
month = "10"
}

@article{OY2,
title = "On Quantitative operator K-theory",
author = "H. Oyono-Oyono, G. Yu",
journal = "Annales de l'Institut Fourier",
volume = "",
year = "",
pages = ""
month = ""
}

@article{OY3,
title = "Persitance Approximation Property and controlled K-theory",
author = "H. Oyono-Oyono, G. Yu",
journal = "",
volume = "",
year = "",
pages = ""
month = ""
}

@article{OzawaExpander,
  title={An application of expanders to $B (l^2)\otimes B (l^2)$},
  author={Ozawa, Narutaka},
  journal={Journal of Functional Analysis},
  volume={198},
  number={2},
  pages={499--510},
  year={2003},
  publisher={Elsevier}
}

@article{OzawaExact,
  title={Amenable actions and exactness for discrete groups},
  author={Ozawa, Narutaka},
  journal={arXiv preprint math/0002185},
  year={2000}
}


@article{PV,
title = "Exact sequences for $K$-groups and $Ext$-groups of certain cross-products of $C^*$-algebras",
author = "M. Pimsner, D. Voiculescu",
journal = "Operator theory",
volume = "4",
year = "1980",
pages = "93-118"
month = "Summer"
}

@article{Pimsner,
    author  = "Michael V. Pimsner",
    title   = "A class of $C^*$-algebras generalizing both Cuntz-Krieger algebras and crossed products by $\mathbb Z$",
    year    = "1997",
    journal = "Fields Institute Communications",
    volume  = "12",
    number  = "",
    pages   = "189-212"
}

@article{RenaultCartan,
  title={Cartan subalgebras in C*-algebras},
  author={Renault, Jean},
  journal={arXiv preprint arXiv:0803.2284},
  year={2008}
}


@book{Renault,
    title = "A groupoid approach to $C^*$-algebras",
    author = "Jean Renault",
    publisher = "Springer-Verlag",
    year = "1980"
 }

@article{Rieffel,
    author  = "Marc Rieffel",
    title   = "$C^*$-algebras associated with Irrational Rotations",
    year    = "1981",
    journal = "Pacific Journal of Mathematics.",
    volume  = "93",
    number  = "2",
    pages   = "415-429"
}

@book{RoeIndex,
    title = "Index theory, Coarse Geometry, and Topology of Manifolds",
    author = "John Roe",
    publisher = "Regional conference series in mathematics, ISSN 0160-7642, no. 90",
    year = "1996"
 }

@article{RosenbergUCT,
  title={The K{\"u}nneth theorem and the universal coefficient theorem for Kasparov’s generalized $ K $-functor},
  author={Rosenberg, Jonathan and Schochet, Claude and others},
  journal={Duke Mathematical Journal},
  volume={55},
  number={2},
  pages={431--474},
  year={1987},
  publisher={Duke University Press}
}

@article{SkTuYu,
    author  = "Skandalis, G, Tu, J.L. , Yu, G.",
    title   = "The Coarse Baum-Connes conjecture and groupoids",
    year    = "2002",
    journal = "Topology",
    volume  = "41",
    number  = "4",
    pages   = "807-834"
}

@article{skandalis1988notion,
  title={Une notion de nucl{\'e}arit{\'e} en K-th{\'e}orie (d'apr{\`e}s J. Cuntz)},
  author={Skandalis, Georges},
  journal={K-theory},
  volume={1},
  number={6},
  pages={549--573},
  year={1988},
  publisher={Springer}
}

@article{nishikawa2018direct,
  title={Direct Splitting Method for the Baum-Connes Conjecture},
  author={Nishikawa, Shintaro},
  journal={arXiv preprint arXiv:1808.08298},
  year={2018}
}


@article{TuThese,
    author  = "Jean-Louis Tu",
    title   = "La conjecture de Baum-Connes pour les feuilletages moyennables",
    year    = "1999",
    journal = "$K$-theory",
    volume  = "17",
    pages   = "215-264"
}

@article{TuNovikov,
    author  = "Jean-Louis Tu",
    title   = "La conjecture de Novikov pour les feuilletages hyperboliques",
    year    = "1999",
    journal = "$K$-theory",
    volume  = "16",
    number  = "2",
    pages   = "129-184"
}

@article{TuBC,
    author  = "Jean-Louis Tu",
    title   = "The Baum-Connes conjecture for groupoids",
    year    = "1999",
    journal = "$C^*$-algebras",
    volume  = "18",
    number  = "",
    pages   = "227-242"
}

@article{TuBC2,
    author  = "Jean-Louis Tu",
    title   = "The Coarse Baum-Connes conjecture and groupoids II",
    year    = "2012",
    journal = "New York J. Math.",
    volume  = "18",
    number  = "",
    pages   = "1-27"
}

@book{WeggeOlsen,
    title = "K-theory and $C^*$-algebras, a friendly approach",
    author = "N.E. Wegge-Olsen",
    publisher = "Oxford University Press",
    year = "1993"
 }

@article{WittenJones,
  title={Quantum field theory and the Jones polynomial},
  author={Witten, Edward},
  journal={Communications in Mathematical Physics},
  volume={121},
  number={3},
  pages={351--399},
  year={1989},
  publisher={Springer}
}

@article{WhiteCartan,
  title={Cartan subalgebras in uniform Roe algebras},
  author={White, Stuart and Willett, Rufus},
  journal={arXiv preprint arXiv:1808.04410},
  year={2018}
}

@article{Willett2015non,
  title={A non-amenable groupoid whose maximal and reduced $C^*$-algebras are the same},
  author={Willett, Rufus},
  journal={arXiv preprint arXiv:1504.05615},
  year={2015}
}

@article{WillettYu,
  title={Geometric property (T)},
  author={Willett, Rufus and Yu, Guoliang},
  journal={Chinese Annals of Mathematics, Series B},
  volume={35},
  number={5},
  pages={761--800},
  year={2014},
  publisher={Springer}
}

@article{Yu1,
    author  = "G. Yu",
    title   = "The Novikov conjecture for groups with finite asymptotic dimension",
    year    = "1998",
    journal = "Ann. of Math. ",
    volume  = "2",
    number  = "2",
    pages   = "325-355"
}

@article{Yu2,
    author  = "G. Yu",
    title   = "The coarse Baum-Connes conjecture for spaces which admit a uniform embedding into Hilbert space",
    year    = "2000",
    journal = "Invent. Math. ",
    volume  = "139",
    number  = "1",
    pages   = "201-240"
}

%Books on Einstein
@book{Pais1982,
  title={Subtle is the Lord: The Science and the Life of Albert Einstein: The Science and the Life of Albert Einstein},
  author={Pais, Abraham},
  year={1982},
  publisher={Oxford University Press, USA}
}

@article{Penrose2005Einstein,
  title={Einstein's miraculous year: Five papers that changed the face of physics},
  author={Penrose, Roger and Einstein, Albert},
  year={2005}
}

@book{Kumar,
  title={Quantum: Einstein, Bohr, and the great debate about the nature of reality},
  author={Kumar, Manjit},
  year={2008},
  publisher={WW Norton \& Company}
}


