@article{oyono,
  title={K-theory for the maximal Roe algebra of certain expanders},
  author={Oyono-Oyono, Herv{\'e} and Yu, Guoliang},
  journal={Journal of Functional Analysis},
  volume={257},
  number={10},
  pages={3239--3292},
  year={2009},
  publisher={Elsevier}
}

@article{finn,
  title={Fibered coarse embedding and the coarse Novikov conjecture},
  author={Finn-Sell, Martin},
  journal={preprint},
  year={2013}
}

@article{yu,
  title={The coarse Baum--Connes conjecture for spaces which admit a uniform embedding into Hilbert space},
  author={Yu, Guoliang},
  journal={Inventiones Mathematicae},
  volume={139},
  number={1},
  pages={201--240},
  year={2000},
  publisher={Springer}
}
