@article{BaumConnes,
  title={Geometric K-theory for Lie groups and foliations},
  author={Baum, Paul and Connes, Alain},
  journal={ENSEIGNEMENT MATHEMATIQUE},
  volume={46},
  number={1/2},
  pages={3--42},
  year={2000},
  publisher={SWETS \& ZEITLINGER}
}

@article{BaumConnesHigson,
  title={Classifying space for proper actions and K-theory of group C\^{}*-algebras},
  author={Baum, Paul and Connes, Alain and Higson, Nigel},
  journal={Contemporary Mathematics},
  volume={167},
  pages={241--291},
  year={1994},
  publisher={American Mathematical Society}
}

@book{blackadar,
  title={K-theory for operator algebras},
  author={Blackadar, Bruce},
  volume={5},
  year={1998},
  publisher={Cambridge University Press}
}

@article{ChabertEchtOy,
  title={Going-down functors, the K{\"u}nneth formula, and the Baum-Connes conjecture},
  author={Chabert, J{\'e}r{\^o}me and Echterhoff, Siegfried and Oyono-Oyono, Herv{\'e}},
  journal={Geometric \& Functional Analysis GAFA},
  volume={14},
  number={3},
  pages={491--528},
  year={2004},
  publisher={Springer}
}

@article{DrutuNowak,
  title={Kazhdan projections, random walks and ergodic theorems},
  author={Dru{\c{t}}u, Cornelia and Nowak, Piotr W},
  journal={arXiv preprint arXiv:1501.03473},
  year={2015}
}

@article{FinnSellFibred,
  title={Fibred coarse embeddings, aT-menability and the coarse analogue of the Novikov conjecture},
  author={Finn-Sell, Martin},
  journal={Journal of Functional Analysis},
  volume={267},
  number={10},
  pages={3758--3782},
  year={2014},
  publisher={Elsevier}
}

@article{FinnSpaces,
  title={Spaces of graphs, boundary groupoids and the coarse Baum--Connes conjecture},
  author={Finn-Sell, Martin and Wright, Nick},
  journal={Advances in Mathematics},
  volume={259},
  pages={306--338},
  year={2014},
  publisher={Elsevier}
}

@article{FinnCoarse,
  title={The coarse Baum-Connes conjecture, boundary groupoids and expander graphs},
  author={Finn-Sell, Martin and Wright, Nick},
  journal={Adv. Math. C},
  volume={259},
  pages={306--338},
  year={2014}
}

@article{GTY,
  title={A notion of geometric complexity and its application to topological rigidity},
  author={Guentner, Erik and Tessera, Romain and Yu, Guoliang},
  journal={Inventiones mathematicae},
  volume={189},
  number={2},
  pages={315--357},
  year={2012},
  publisher={Springer}
}

@article{GWY,
  title={Dynamic asymptotic dimension: relation to dynamics, topology, coarse geometry, and C\^{}*-algebras},
  author={Guentner, Erik and Willett, Rufus and Yu, Guoliang},
  journal={Mathematische Annalen},
  pages={1--45},
  year={2015},
  publisher={Springer}
}

@article{HigsonKasparov,
  title={E-theory and KK-theory for groups which act properly and isometrically on Hilbert space},
  author={Higson, Nigel and Kasparov, Gennadi},
  journal={Inventiones mathematicae},
  volume={144},
  number={1},
  pages={23--74},
  year={2001},
  publisher={Springer}
}

@article{lafforgue2002k,
  title={K-th{\'e}orie bivariante pour les algebres de Banach et conjecture de Baum-Connes},
  author={Lafforgue, Vincent},
  journal={Inventiones Mathematicae},
  volume={149},
  number={1},
  pages={1--95},
  year={2002},
  publisher={Springer}
}

@article{HigsonLaffSk,
  title={Counterexamples to the Baum—Connes conjecture},
  author={Higson, Nigel and Lafforgue, Vincent and Skandalis, Georges},
  journal={Geometric and Functional Analysis},
  volume={12},
  number={2},
  pages={330--354},
  year={2002},
  publisher={Springer}
}

@article{kasparovKKNovikov,
  title={EquivariantKK-theory and the Novikov conjecture},
  author={Kasparov, Gennadi G},
  journal={Inventiones mathematicae},
  volume={91},
  number={1},
  pages={147--201},
  year={1988},
  publisher={Springer}
}

@article{LaffOY,
  title={K-th{\'e}orie bivariante pour les alg{\`e}bres de Banach, groupo{\"\i}des et conjecture de Baum--Connes. Avec un appendice d’Herv{\'e} Oyono-Oyono},
  author={Lafforgue, Vincent},
  journal={Journal of the Institute of Mathematics of Jussieu},
  volume={6},
  number={03},
  pages={415--451},
  year={2007},
  publisher={Cambridge Univ Press}
}

@article{lafforgue2012conjecture,
  title={La conjecture de Baum-Connes$\backslash$a coefficients pour les groupes hyperboliques},
  author={Lafforgue, Vincent},
  journal={arXiv preprint arXiv:1201.4653},
  year={2012}
}

@inproceedings{Lafforgue,
  title={Banach KK-theory and the Baum-Connes conjecture},
  author={Lafforgue, Vincent},
  booktitle={European Congress of Mathematics},
  pages={31--46},
  year={2001},
  organization={Springer}
}

@phdthesis{LeGall,
  title={Th{\'e}orie de Kasparov {\'e}quivariante et groupo{\"\i}des},
  author={Le Gall, Pierre-Yves},
  year={1994}
}

@article{OY1,
  title={K-theory for the maximal Roe algebra of certain expanders},
  author={Oyono-Oyono, Herv{\'e} and Yu, Guoliang},
  journal={Journal of Functional Analysis},
  volume={257},
  number={10},
  pages={3239--3292},
  year={2009},
  publisher={Elsevier}
}

@article{OY2,
  title={On quantitative operator K--theory},
  author={Oyono-Oyono, Herv{\'e} and Yu, Guoliang},
  journal={Ann. Inst. Fourier (Grenoble). Available at www. math. univ-metz. fr/\~{} oyono/pub. html},
  year={2011}
}

@article{OY3,
title = "Persitance Approximation Property and controlled K-theory",
author = "H. Oyono-Oyono, G. Yu",
journal = "",
volume = "",
year = "",
pages = "",
month = ""
}

@article{RTY,
  title={Finite decomposition complexity and the integral Novikov conjecture for higher algebraic K-theory},
  author={Ramras, Daniel A and Tessera, Romain and Yu, Guoliang},
  journal={Journal f{\"u}r die reine und angewandte Mathematik (Crelles Journal)},
  volume={2014},
  number={694},
  pages={129--178},
  year={2014}
}

@book{Renault,
  title={A groupoid approach to C*-algebras},
  author={Renault, Jean},
  year={1980},
  publisher={Berlin; New York: Springer-Verlag}
}

@book{RoeCoarse,
  title={Lectures on coarse geometry},
  author={Roe, John},
  volume={31},
  year={2003},
  publisher={American Mathematical Soc.}
}

@book{RoeIndex,
  title={Index theory, coarse geometry, and topology of manifolds},
  author={John Roe and Conference Board of the Mathematical Sciences},
  volume={90},
  year={1996},
  publisher={American Mathematical Soc.}
}

@article{SkTuYu,
  title={The coarse Baum--Connes conjecture and groupoids},
  author={Skandalis, Georges and Tu, Jean-Louis and Yu, Guoliang},
  journal={Topology},
  volume={41},
  number={4},
  pages={807--834},
  year={2002},
  publisher={Elsevier}
}

@article{TuThese,
  title={La conjecture de Baum--Connes pour les feuilletages moyennables},
  author={Tu, Jean-Louis},
  journal={K-theory},
  volume={17},
  number={3},
  pages={215--264},
  year={1999},
  publisher={Springer}
}

@article{TuNovikov,
  title={La conjecture de Novikov pour les feuilletages hyperboliques},
  author={Tu, Jean Louis},
  journal={K-theory},
  volume={16},
  number={2},
  pages={129--184},
  year={1999},
  publisher={Springer}
}

@article{TuNonHaus,
  title={Non-Hausdorff groupoids, proper actions and K-theory},
  author={Tu, Jean-Louis},
  journal={Doc. Math},
  volume={9},
  pages={565--597},
  year={2004}
}

@incollection{TuBC,
  title={The Baum-Connes conjecture for groupoids},
  author={Tu, Jean-Louis},
  booktitle={C*-algebras},
  pages={227--242},
  year={2000},
  publisher={Springer}
}

@article{TuBC2,
  title={The coarse Baum--Connes conjecture and groupoids. II},
  author={Tu, Jean-Louis},
  journal={New York J. Math},
  volume={18},
  pages={1--27},
  year={2012}
}

@article{WeggeOlsen,
  title={K-theory and C-star-algebras: A friendly approach},
  author={Wegge-Olsen, NE},
  year={1993},
  publisher={Oxford University Press, USA}
}

@article{wY,
  title={Geometric property (T)},
  author={Willett, Rufus and Yu, Guoliang},
  journal={Chinese Annals of Mathematics, Series B},
  volume={35},
  number={5},
  pages={761--800},
  year={2014},
  publisher={Springer}
}

@article{Yu2,
  title={The coarse Baum--Connes conjecture for spaces which admit a uniform embedding into Hilbert space},
  author={Yu, Guoliang},
  journal={Inventiones Mathematicae},
  volume={139},
  number={1},
  pages={201--240},
  year={2000},
  publisher={Springer}
}

@article{Yu1,
  title={The Novikov conjecture for groups with finite asymptotic dimension},
  author={Yu, Guoliang},
  journal={Annals of Mathematics},
  volume={147},
  number={2},
  pages={325--355},
  year={1998},
  publisher={JSTOR}
}
